2026 3168
178 127 283 180 140
717 128 946 172 LIBANII
978 127 1320 173 ORATIONES

175 263 338 316 ὁπότε
399 264 537 333 αὐτῇ
601 265 699 316 τὸν
761 263 820 316 ἐκ
881 273 993 316 τῶν
1056 265 1248 318 ἄθλων
1304 266 1509 335 ἱδρῶτα
1562 267 1863 333 κομίσαιμι.

178 352 297 404 118.
337 351 448 420 μετ’
498 351 708 415 ἐκείνας
745 354 842 415 τὰς
877 354 1054 421 ταφὰς
1091 351 1182 405 καὶ
1214 355 1315 422 τὴν
1353 353 1634 421 Εὐσεβίου
1667 373 1728 421 γε
1759 361 1860 406 τοῦ

175 441 281 510 πρὸ
331 441 541 509 ἀμφοῖν
587 440 929 503 ἀπελθόντος
974 437 1045 509 ἦν
1090 438 1191 507 μὲν
1237 442 1341 512 γὰρ
1383 441 1475 494 καὶ
1513 443 1574 495 τὸ
1613 445 1864 510 Νικομη-

84 541 126 584 R
147 546 201 585 81
236 531 385 592 δείας
414 538 606 598 πτῶμα
635 528 728 582 καὶ
760 529 827 582 ὃν
859 531 890 599 ἡ
921 532 1080 592 πόλις
1111 529 1350 594 ἐκάλυψε
1379 538 1624 583 πεσοῦσα
1658 533 1663 597 Ι
1700 531 1860 584 δεινά

131 639 150 671 5

109 1082 151 1114 10

111 1525 152 1557 15

112 1968 154 1999 20

174 637 232 670 τε
278 616 368 670 καὶ
415 611 505 670 οἷα
551 619 732 687 λύπην
778 620 879 687 τὴν
926 618 1158 688 ἐσχάτην
1209 618 1488 687 ἐμβαλεῖν,
1533 617 1630 687 ὑφ’
1678 615 1743 688 ἧς
1789 620 1858 688 δὴ

173 705 264 759 καὶ
303 707 499 769 πολιάς
539 705 800 775 ἐξαίφνης
840 707 1036 776 ἔδειξα,
1075 708 1215 760 κακὰ
1255 705 1316 760 δὲ
1354 707 1733 778 προστεθέντα
1768 727 1866 761 κα-

173 804 310 863 κοῖς,
359 803 530 848 ταῦτα
581 795 812 858 ἐκείνοις
862 799 1007 868 φίλῳ
1058 816 1117 848 τε
1168 798 1331 864 φίλος
1374 795 1466 849 καὶ
1515 798 1673 849 πόλει
1725 799 1862 867 φίλῃ

174 886 347 953 μήτηρ
388 903 445 936 τε
483 883 575 936 καὶ
617 884 645 937 6
686 885 889 953 ταύτης
927 885 1183 954 ἀδελφός,
1216 886 1394 937 πάντα
1435 883 1555 953 ἐμοὶ
1589 884 1660 937 δι’
1700 885 1733 938 ἃ
1767 889 1864 954 ζῆν

174 971 418 1039 βούλοιτ’
465 974 535 1025 ἄν
573 992 672 1041 τις,
713 972 1086 1042 ἀποφαίνουσι
1125 975 1310 1043 πικρά,
1349 971 1483 1044 πρὶν
1515 974 1583 1042 δὴ
1623 975 1725 1042 τὴν
1756 981 1865 1042 γῆν

177 1062 392 1114 ἅπασαν
431 1061 621 1131 ἀμαχεὶ
661 1063 998 1132 παραλαβὼν
1046 1062 1074 1115 ὁ
1114 1063 1320 1124 παντὸς
1368 1064 1684 1131 φιλοσόφου
1732 1066 1865 1128 μᾶλ-

176 1153 276 1202 λον
332 1149 391 1202 ἐν
450 1152 755 1218 βασιλείοις
807 1152 909 1219 τὴν
964 1154 1172 1220 σοφίαν
1226 1150 1507 1219 ἀγαπήσας
1560 1154 1870 1220 κατήγαγεν

177 1238 359 1308 ὥσπερ
400 1238 457 1291 ἐκ
497 1247 678 1307 φυγῆς
726 1241 805 1302 εἰς
846 1240 907 1292 τὸ
957 1235 1125 1302 αὖθις
1172 1239 1509 1304 ἀσπάζεσθαι
1556 1240 1622 1292 τὰ
1670 1240 1864 1308 δυσχε-

176 1329 488 1396 ραινόμενα.
570 1329 689 1380 119.
744 1327 835 1381 καὶ
891 1327 1121 1396 ἐγέλασά
1173 1348 1230 1381 τε
1282 1326 1374 1380 καὶ
1429 1327 1722 1398 ἐσκίρτησα
1770 1329 1863 1380 καὶ

178 1417 284 1468 σὺν
333 1415 507 1486 ἡδονῇ
559 1418 758 1484 λόγους
809 1415 900 1469 καὶ
952 1416 1238 1484 συνέθηκα
1290 1415 1383 1469 καὶ
1436 1414 1616 1478 ἔδειξα
1658 1419 1864 1484 βωμῶν

177 1501 278 1573 μὲν
331 1504 716 1573 ἀπειληφότων
778 1498 934 1574 αἷμα,
996 1513 1211 1558 καπνοῦ
1274 1505 1335 1557 δὲ
1397 1504 1666 1574 φέροντος
1726 1505 1864 1574 πρὸς

177 1593 421 1663 οὐρανὸν
459 1595 560 1662 τὴν
598 1596 847 1663 κνίσσαν,
882 1599 1035 1646 θεῶν
1076 1594 1136 1647 δὲ
1169 1593 1382 1664 ἑορταῖς
1413 1592 1752 1662 τιμωμένων,
1785 1588 1870 1646 ὧν

178 1681 355 1749 ὀλίγοι
380 1682 526 1744 τινὲς
551 1682 909 1751 ἐπιστήμονες
941 1681 1283 1751 λελειμμένοι
1308 1681 1578 1752 γέροντες,
1603 1690 1867 1750 μαντικῆς

177 1767 238 1822 δὲ
276 1772 354 1833 εἰς
392 1769 649 1834 ἐξουσίαν
686 1773 1010 1842 παριούσης,
1051 1773 1232 1838 λόγων
1272 1771 1333 1823 δὲ
1373 1772 1450 1833 εἰς
1489 1771 1549 1822 τὸ
1589 1770 1862 1839 θαυμάζε-

178 1864 330 1928 σθαι,
362 1857 644 1928 Ῥωμαίων
683 1861 744 1913 δὲ
783 1862 861 1923 εἰς
898 1861 960 1912 τὸ
1001 1865 1254 1931 θαρρεῖν,
1300 1860 1598 1930 βαρβάρων
1645 1856 1705 1911 δὲ
1750 1867 1872 1911 τῶν

178 1948 279 2015 μὲν
317 1947 650 2017 ἡττημένων,
690 1958 801 2001 τῶν
840 1946 900 2001 δὲ
939 1952 1266 2018 μελλόντων.
1334 1949 1453 2000 120.
1495 1942 1659 2010 οὗτος
1697 1946 1725 2000 6
1759 1961 1862 2000 σω-

179 2035 554 2106 φρονέστατός
592 2056 650 2089 τε
681 2036 771 2090 καὶ
805 2038 1150 2100 δικαιότατος
1179 2036 1270 2090 καὶ
1307 2037 1741 2106 ῥητορικώτατος
1771 2034 1862 2088 καὶ

178 2126 635 2195 πολεμικώτατος,
676 2126 704 2179 6
745 2128 938 2193 μόνοις
978 2135 1094 2188 τοῖς
1138 2125 1469 2194 δυσσεβέσιν
1516 2123 1717 2194 ἐχθρὸς
1754 2133 1875 2176 τῶν

300 2276 353 2314 15
385 2271 435 2314 Π.
472 2289 502 2314 α
527 2275 612 2314 317
646 2270 702 2315 cf.
735 2271 756 2314 1
788 2275 889 2327 260,
925 2275 978 2315 10
1010 2271 1051 2314 R

301 2408 328 2445 4
359 2403 440 2448 τὸν
463 2401 793 2460 Ἀρισταίνετον
825 2404 889 2447 P²
922 2403 978 2447 cf.
1011 2404 1160 2446 Amm.
1194 2402 1322 2446 XVII
1356 2407 1394 2456 7,
1428 2407 1453 2445 6

301 2527 322 2563 1
366 2522 441 2595 ἐκ]
474 2521 592 2578 ὑπὲρ
625 2523 670 2566 Β
798 2527 822 2564 2
863 2521 965 2579 τὴν]
999 2528 1081 2565 τοῦ
1113 2522 1158 2565 L
1289 2525 1314 2563 3
1347 2520 1456 2577 γὰρ]
1491 2519 1613 2575 ἄραῬ
1655 2519 1660 2577 Ι
1702 2519 1754 2562 τὸ
1786 2525 1877 2574 τῆς·

181 2579 499 2636 Νικομηδείας
531 2582 576 2623 Β
696 2586 723 2623 4
757 2577 820 2625 ὧν
851 2581 919 2624 Re
950 2581 1090 2623 Anim
1211 2584 1236 2622 6
1272 2578 1503 2622 Ευεὺαίὼ.
1519 2578 1579 2620 ad
1611 2576 1694 2620 Od.
1727 2594 1753 2620 τ
1778 2582 1872 2621 360

180 2654 224 2694 p.
254 2643 365 2682 1867
399 2640 440 2682 R
480 2639 503 2682 6
537 2640 588 2683 δὲ
620 2638 845 2697 Λιβάνιος
875 2640 956 2683 καὶ
987 2639 1127 2689 αὐτὸς
1158 2636 1379 2683 ἐντεῦθέν
1410 2626 1577 2681 ποθεν
1594 2635 1714 2694 λέγει
1743 2653 1864 2680 κατα

183 2704 330 2754 σχῆμα
377 2698 652 2755 ὑπερβολῆς,
701 2699 761 2747 ὡς
806 2698 896 2742 υπὸ
944 2698 1091 2754 λύπης
1138 2695 1330 2754 ἐσχάτης
1374 2696 1454 2740 καὶ
1499 2695 1663 2745 πολιὰς
1686 2693 1872 2797 ὶέξαίφ-

1657 2772 1680 2810 ρ
1703 2773 1730 2799 ν

183 2831 265 2870 νης
297 2815 446 2870 ἔφυσα
569 2820 592 2857 7
625 2822 771 2859 ταῦτα
803 2813 999 2866 ἐκείνοις
1029 2829 1104 2858 om
1136 2814 1182 2857 B
1303 2819 1328 2857 9
1360 2812 1480 2869 πλὴν
1507 2814 1550 2857 V
1610 2813 1730 2870 πλὴν
1761 2814 1806 2857 L

184 2878 236 2917 11
271 2872 479 2948 βασιλεία
503 2875 587 2918 VL
615 2874 621 2932 Ι
658 2874 742 2930 τὴν
774 2888 848 2917 om
876 2875 957 2918 VL
1043 2878 1097 2917 14
1131 2873 1281 2929 ἔθηκα
1313 2874 1356 2916 L
1450 2876 1503 2915 16
1535 2870 1731 2916 κνίσσαν
1763 2885 1874 2916 corr·

182 2946 206 2976 e
239 2931 403 2977 κνίσαν
439 2934 500 2978 ΟΡ
634 2937 686 2976 18
720 2933 770 2977 δὲ
803 2933 1001 2976 alterum
1033 2947 1108 2976 om
1139 2933 1182 2976 L
