2026 3168
698 123 924 168 LIBANII
955 123 1296 168 ORATIONES
1730 124 1840 177 223

160 265 406 327 signatus:
446 262 638 312 Codex
676 264 1009 327 singularis
1047 264 1110 311 Η.
1142 264 1202 311 V.
1243 265 1291 324 8,
1330 264 1616 312 chartaceus
1655 264 1844 312 formae

158 338 269 386 folii
305 338 500 386 saeculo
531 337 649 384 XVI
681 341 886 386 exeunte
916 339 995 386 vel
1026 337 1170 385 XVII
1207 340 1407 386 ineunte
1445 338 1566 385 bene
1599 341 1845 399 exaratus,

157 411 342 473 passim
386 413 440 459 in
484 412 706 476 margine
756 429 907 460 manu
957 411 1170 460 secunda
1220 414 1489 473 correctae,
1542 414 1771 460 constans
1819 428 1844 459 e

161 487 262 534 201
305 485 440 534 foliis
479 488 719 534 continet:

231 559 314 607 fol.
351 561 377 606 1
442 559 668 623 λιβανίου
707 557 830 625 ὑπὲρ
870 558 1150 625 σωκράτους
1188 557 1426 624 ἀπολογία

307 634 375 681 23
438 633 663 697 λιβανίου
703 640 940 697 σοφιστοῦ
978 632 1121 699 λόγος
1158 631 1433 698 ἆντιοχικός

307 708 372 755 51
437 706 783 773 πρεσβευτικὸς
821 707 943 773 πρὸς
989 714 1103 766 τοῦς
1149 715 1305 773 τρῶας
1351 704 1473 772 ὑπὲρ
1520 713 1607 771 τῆς
1656 704 1844 771 ἓλένηςε

158 778 388 844 μενέλαος

306 856 374 903 55
437 855 662 920 λιβανίου
701 855 844 921 λόγος
882 854 951 913 εἰς
989 854 1256 904 εὐστάθιον
1294 853 1380 903 τὸν
1417 854 1544 920 κάρα

307 929 402 977 55*
439 930 665 994 λιβανίου
703 929 826 995 πρὸς
863 927 949 978 τὸν
987 927 1187 994 βασιλέα
1226 928 1489 979 θεοδόσιον
1524 926 1603 978 ἐπὶ
1632 932 1740 988 ταῖς
1770 928 1844 978 δι-

158 1005 390 1068 αλλαγαῖς
538 1003 680 1069 λόγος
720 1000 764 1059 ς’

307 1078 374 1126 63
439 1083 527 1126 τοῦ
565 1076 718 1126 αὐτοῦ
757 1076 879 1142 πρὸς
917 1075 1167 1142 ἀντιοχέας
1211 1075 1322 1142 περὶ
1360 1084 1447 1142 τῆς
1483 1083 1571 1126 τοῦ
1609 1074 1845 1141 βασιλέως

157 1146 307 1216 ὀργῆς
458 1147 505 1214 η’

307 1227 376 1273 70
437 1232 523 1274 τοῦ
563 1223 715 1273 αὐτοῦ
756 1223 1232 1289 προσφωνηματικὸς
1272 1225 1503 1274 ἱουλιανῶ
1618 1221 1651 1273 ι’

308 1299 373 1346 76
436 1298 589 1362 νόμος
639 1291 702 1362 ἦν
757 1297 873 1363 μετὰ
922 1307 1009 1348 τοῦ
1062 1299 1309 1366 τυράννου
1362 1297 1445 1348 καὶ
1497 1297 1612 1358 τοὺς
1664 1298 1844 1358 παῖδας

157 1369 559 1435 ἀποσφάττεσθαι

306 1446 373 1494 88
437 1446 678 1512 τύραννος
716 1442 894 1514 ᾔτησεν
933 1445 982 1505 ἐξ
1020 1444 1359 1512 ἀστυγείτονος
1396 1446 1553 1513 κόρην
1592 1444 1779 1514 ὡραίαν

270 1522 372 1569 103
435 1520 662 1585 λιβανίου
700 1520 844 1586 λόγος
881 1518 1005 1585 ὑπὲρ
1044 1519 1221 1570 ἑαυτοῦ
1261 1519 1343 1569 διὰ
1381 1519 1472 1585 τὴν
1510 1521 1634 1587 πρὸς
1679 1518 1842 1570 ἀντίο-

155 1611 242 1658 χον
280 1595 582 1660 συνηγορίαν

270 1669 372 1717 108
435 1666 544 1734 περὶ
584 1668 806 1727 δουλείας
844 1668 987 1735 λόγος
1025 1668 1251 1733 λιβανίου

272 1744 402 1790 117*
438 1742 561 1808 πρὸς
598 1741 877 1808 ἀριστείδην
915 1740 1038 1807 ὑπὲρ
1076 1749 1174 1791 τῶν
1213 1739 1462 1808 ὀρχηστῶν

271 1817 372 1864 137
437 1815 559 1881 πρὸς
596 1815 711 1875 τοὺς
750 1814 893 1875 νέους
930 1815 1040 1883 περὶ
1078 1823 1166 1865 τοῦ
1204 1816 1418 1881 τάπητος

271 1891 402 1938 142*
438 1889 507 1949 εἰς
544 1890 801 1956 καισάριον
840 1890 1103 1957 μάγιστρον

272 1965 374 2011 147
437 1963 559 2030 πρὸς
597 1962 840 2030 ἐλλέβιχον

270 2038 372 2086 153
435 2036 579 2103 πρὸς
616 2037 753 2097 τοὺς
791 2038 979 2105 βαρὺν
1018 2037 1199 2088 αὑτὸν
1238 2036 1596 2098 καλέσαντας

270 2112 375 2160 160
435 2109 545 2178 περὶ
583 2112 752 2171 πενίας

270 2186 370 2233 161
443 2184 685 2251 ἐγκώμιον
723 2186 953 2252 θερσίτου

269 2260 372 2307 163
435 2257 544 2325 περὶ
581 2266 670 2309 τοῦ
709 2260 775 2324 μὴ
815 2264 981 2327 ληρεῖν

269 2334 401 2381 167*
437 2332 559 2398 πρὸς
597 2332 840 2383 πολυκλέα

270 2409 370 2455 171
437 2407 656 2471 μονωδία
701 2407 771 2467 εἰς
816 2408 902 2458 τὸν
947 2407 1000 2458 ἐν
1046 2415 1105 2472 τῆ
1154 2407 1324 2472 δάφνη
1375 2406 1500 2458 νεὼν
1550 2415 1638 2458 τοῦ
1687 2406 1839 2477 ἀπόλῂ

154 2483 311 2540 λωνος

270 2555 373 2603 173
436 2553 551 2619 μετὰ
589 2553 647 2604 τὰ
685 2553 739 2604 ἐν
783 2555 1013 2623 χερωνείᾳ
1057 2553 1243 2619 ἔπεμψε
1290 2556 1529 2618 φίλιππος
1573 2554 1838 2622 ὑπισχνού-

151 2645 300 2691 μενος
342 2655 404 2662 -
448 2626 584 2687 άξιοῖ
614 2626 667 2678 δὲ
706 2627 1022 2694 δημοσθένης
1059 2627 1348 2679 ἐκδίδοσθαι

270 2702 400 2750 178*
438 2699 464 2750 ὅ
503 2702 660 2766 κίμων
699 2703 848 2751 αἰτῶν
886 2700 1008 2768 ὑπὲρ
1047 2710 1135 2751 τοῦ
1173 2703 1355 2768 πατρὸς
1393 2703 1604 2768 δεθῆναι

270 2776 400 2823 183*
438 2774 555 2839 μετὰ
592 2776 756 2842 τροίας
794 2777 976 2826 ἅλωσιν
1014 2780 1111 2825 κτλ.
1151 2774 1351 2843 ὀρέστης

270 2849 372 2897 193
435 2848 579 2913 φήμη
634 2842 698 2913 ἧν
753 2851 971 2909 ξυνεῖναι
1022 2850 1107 2901 τὸν
1160 2849 1342 2916 πατέρα
1401 2857 1459 2919 τῇ
1514 2857 1602 2900 τοῦ
1662 2850 1838 2911 παιδὸς

155 2922 356 2987 γυναικί
