2026 3168
710 112 937 156 LIBANH
969 110 1310 156 ORATIONES
1352 108 1357 114 ’
1743 112 1852 165 233

282 253 494 301 F01.1v·
526 253 607 300 Ex
638 253 738 301 cod.
761 251 956 300 Arimd
980 254 1088 300 Ms⁰
1114 247 1208 316 [=
1233 251 1423 299 Arund.
1452 252 1555 299 517
1590 251 1674 299 fol.
1703 247 1796 316 58]
1813 247 1854 319 ¹)

702 325 936 374 Βασιλείω
973 330 1038 394 τῷ
1073 324 1260 394 μεγάλω

466 398 534 447 Εἰ
570 405 720 448 ταῦτα
758 399 969 464 γλώττης
1006 402 1103 447 κτλ.
1145 392 1238 465 (=
1279 415 1352 461 ep.
1389 392 1555 465 1588)

284 474 367 521 fol.
403 475 432 521 2
473 471 596 539 ὑπὲρ
635 480 722 537 τῆς
759 473 992 540 τιμωρίας
1022 479 1109 522 τοῦ
1141 471 1415 539 ἀνθρώπου
1448 467 1562 539 (sio)
1596 489 1706 521 cum
1738 475 1858 522 nota

173 548 459 611 marginali:
513 545 635 611 Σῆω
675 550 730 596 in
763 548 1014 597 Volumime
1057 549 1187 596 mide
1230 548 1357 596 hanc
1394 549 1735 607 descripsimus
1773 549 1857 596 ha-

173 624 274 671 beri
311 623 436 670 duas
475 623 602 670 alias
641 622 847 670 Libanii
884 624 1123 670 orationes
1167 622 1384 669 nondum
1431 622 1597 669 editas.
1643 637 1747 669 wna
1794 625 1860 670 est

174 697 240 745 ad
278 694 599 744 Antiochenos
629 690 687 743 ‘A
726 692 813 759 μὲν
851 692 973 761 ὑπὲρ
1012 701 1099 758 τῆς
1137 693 1323 753 πόλεως
1363 690 1457 760 [=
1497 692 1607 760 περὶ
1646 702 1732 758 τῆς
1771 701 1859 743 τοῦ

174 767 408 835 βασιλέως
440 765 636 836 ὀργῆς],
675 770 830 818 altera
867 771 1228 830 inscriptionem
1265 783 1364 817 mm
1393 770 1546 825 habet,
1584 768 1653 827 εἰς
1685 766 1737 817 δὲ
1769 769 1857 833 βα-

174 843 263 910 ρὺς
302 841 367 901 ὡς
407 840 459 892 δὲ
498 842 719 908 ἐπαχθὴς
759 847 838 892 etc.
883 838 978 907 [ετ-
1017 842 1140 908 πρὸς
1179 841 1293 902 τοὺς
1331 841 1491 908 βαρὺν
1530 841 1681 892 αὐτὸν
1719 840 1857 891 κἀλέ-

177 913 393 982 σαντας]

287 991 522 1053 Sequitur
554 990 711 1038 oratio
751 989 874 1055 πρὸς
904 989 1018 1048 τοὺς
1050 988 1209 1055 βαρὺν
1240 988 1390 1039 αὐτὸν
1421 987 1714 1049 καλέσαντας
1750 1006 1862 1039 oum

177 1065 554 1127 subscriptione:
607 1065 871 1112 Londini
916 1067 978 1143 in
1015 1065 1250 1125 palatio
1290 1065 1432 1113 Divi
1478 1065 1683 1113 Iacobi
1730 1066 1861 1113 Feb.

187 1141 572 1188 13.1629:oe

288 1213 371 1261 fol.
416 1214 482 1260 14
540 1211 786 1260 Orationis
831 1213 1051 1272 funebris
1095 1214 1150 1260 in
1194 1227 1354 1260 necem
1392 1206 1588 1261 Iuliani
1626 1213 1754 1273 Imp.
1793 1213 1864 1260 la-

180 1303 307 1336 cuna
337 1302 454 1348 pay.
489 1278 673 1352 300.·²)
714 1306 772 1325 ω

288 1360 528 1426 πώγωνας
581 1357 729 1408 ἐκεῖσε
782 1375 938 1422 usque
994 1359 1057 1407 ad
1110 1358 1367 1425 παρεκάλει
1419 1358 1504 1418 τὰς
1557 1359 1720 1418 πόλεις
1774 1362 1862 1407 eto.

179 1450 302 1496 quac
339 1438 605 1494 sequuntur
642 1436 697 1482 in
733 1436 965 1494 impresso
1005 1434 1161 1482 codice
1190 1449 1308 1495 pay.
1344 1435 1464 1482 304.

292 1508 527 1570 Sequitur
573 1507 731 1556 oratio
778 1506 900 1573 πρὸς
946 1505 1183 1572 ἀντιοχεῖς
1229 1504 1338 1573 περὶ
1381 1514 1467 1572 τῆς
1505 1514 1591 1556 τοῦ
1631 1505 1865 1571 βασιλέως

181 1580 330 1649 ὀργῆς
371 1583 594 1631 desinens
634 1598 751 1630 voce
792 1579 1150 1648 φροντιζόντων
1162 1574 1204 1648 3)
1245 1597 1355 1629 cum
1390 1584 1531 1630 nota:
1570 1582 1866 1630 Desideran-

179 1662 259 1705 ταν
296 1658 485 1718 reliqua
522 1657 668 1716 hujus
707 1658 955 1704 orationis.

289 1730 409 1778 Inde
448 1745 478 1777 a
515 1730 635 1777 folio
678 1730 744 1777 23
786 1732 1059 1791 sequuntur
1105 1709 1347 1792 epistulae
1397 1730 1610 1791 primum
1655 1729 1865 1791 exscrip-

180 1808 262 1852 tae
309 1821 334 1852 e
379 1804 680 1852 Baroociano
729 1805 782 1860 4,
829 1819 928 1852 non
976 1819 1142 1851 omnes
1191 1819 1317 1865 quae
1363 1804 1598 1886 leguntur
1649 1804 1703 1850 in
1750 1818 1866 1864 apo-

183 1877 371 1942 grapho
398 1877 789 1941 Langbainiano,
821 1877 905 1926 sed
935 1880 1133 1926 tantum
1167 1878 1269 1925 251
1310 1870 1556 1943 (ultima
1542 1894 1594 1924 in
1625 1877 1709 1925 fol.
1739 1878 1868 1924 106v

183 1959 247 2000 τῶ
300 1951 486 2017 μεγάλω
537 1950 782 2015 βασιλείω’
838 1948 876 1999 ὢ
927 1950 1116 2015 χρόνων
1166 1949 1365 1999 ἐκείνων
1418 1945 1511 2017 (=
1561 1966 1633 2012 ep.
1679 1944 1868 2017 1603);

185 2026 358 2073 deinde
397 2026 662 2073 nonnullae
702 2026 973 2087 exscriptae
1013 2041 1038 2072 e
1077 2025 1393 2073 Baroccianis
1443 2026 1490 2086 9,
1531 2026 1616 2085 56,
1657 2025 1741 2086 50,
1788 2025 1868 2072 de-

184 2100 332 2161 nique
377 2116 477 2147 una
522 2100 606 2146 fol.
651 2100 752 2147 113
808 2098 1033 2163 λιβανίου
1088 2105 1325 2160 σοφιστοῦ
1380 2097 1502 2164 πρὸς
1549 2092 1868 2163 ’Λμφιλόχιον

185 2172 469 2222 ἐπίσκοπον·
505 2166 748 2238 Ομολογῶ
780 2170 862 2220 καὶ
892 2174 1198 2236 λελυπῆσθαι
1238 2165 1331 2238 (=
1365 2188 1438 2234 ep.
1469 2166 1634 2238 1226)
1669 2189 1693 2220 e
1724 2172 1866 2221 Bodl.

185 2248 319 2346 Misc.
355 2247 437 2295 38.
883 2246 1080 2309 Inspexi
1119 2262 1248 2293 anno
1292 2247 1448 2295 1880.

306 2389 348 2445 1)
380 2386 581 2430 Thomas
606 2387 813 2430 Arundel
844 2401 964 2431 anno
999 2391 1111 2430 1627
1146 2386 1328 2430 codices
1354 2400 1544 2443 graecos
1577 2400 1605 2430 a
1638 2386 1869 2431 Guilelmo

187 2446 323 2502 Petty
355 2459 410 2490 ex
439 2446 627 2490 Oriente
657 2447 999 2503 transportatos
1032 2447 1288 2502 acceperat.
1353 2445 1528 2489 Eodem
1560 2448 1717 2490 autem
1749 2458 1870 2489 anno

188 2505 331 2549 etiam
368 2508 520 2549 tomus
561 2505 788 2549 secundus
829 2518 1020 2562 operum
1054 2504 1239 2548 Libanii
1278 2504 1580 2549 Morellianus
1617 2504 1869 2562 prodierat.

187 2565 286 2607 Iam
325 2578 428 2608 eum
466 2565 608 2621 paulo
646 2567 753 2621 post
791 2564 933 2608 etiam
973 2563 1154 2608 codices
1185 2563 1459 2607 Baroeciani
1497 2564 1546 2607 in
1578 2564 1870 2607 Britanniam

188 2623 442 2677 venissent,
472 2623 676 2680 proclive
708 2625 808 2667 erat
838 2636 1081 2679 quaerere,
1113 2622 1227 2678 quid
1258 2623 1425 2667 inediti
1463 2623 1513 2665 hi
1552 2623 1741 2678 quidem
1770 2622 1870 2666 the-

190 2682 315 2725 sauri
346 2682 647 2726 continerent.
709 2683 924 2726 Fortasse
954 2682 1043 2725 hoo
1075 2681 1284 2738 exemplo
1308 2681 1625 2739 Langbainius
1649 2681 1872 2725 incitatus

191 2743 274 2794 est,
305 2742 359 2784 ut
389 2741 571 2785 codices
602 2741 880 2786 Bodleianos
914 2742 1065 2785 denuo
1097 2741 1154 2784 de
1187 2741 1429 2785 anecdotis
1459 2743 1840 2797 perscrutaretur.

310 2802 353 2857 2)
383 2799 574 2844 Numeri
599 2802 707 2844 sunt
731 2800 950 2844 editionis
974 2799 1290 2843 Morellianae.
1348 2800 1464 2844 Sunt
1486 2799 1626 2843 verba
1651 2799 1870 2843 editionis

194 2857 472 2903 Reiskianae
501 2859 523 2903 Ι
555 2864 653 2913 576,
681 2863 882 2913 2-585,
909 2865 948 2902 3.

311 2919 353 2973 3)
386 2939 439 2954 —-—
474 2917 492 2960 1
517 2922 616 2972 498,
643 2922 668 2960 9
697 2918 749 2961 R.
