2026 3168
714 142 943 187 LIBANII
973 141 1315 187 ORATIONES
1754 142 1857 194 107

181 281 275 334 διὰ
318 288 418 333 τοῦ
463 277 741 349 παρέδρου
780 276 1013 349 παρῄνει
1050 278 1186 347 πρὸς
1223 277 1423 348 κέντρα
1460 279 1533 347 μὴ
1573 280 1857 346 λακτίζειν,

175 368 293 423 ἀλλ’
354 369 640 437 ἀπελθεῖν,
696 369 743 421 εἰ
796 369 869 437 μὴ
921 365 1230 439 θανατῴην.
1307 365 1463 430 ἔδοξέ
1512 387 1604 436 μοι
1653 371 1859 435 πολλῆς

176 456 508 526 ἀποπληξίας
557 453 699 510 εἶναι
746 458 1025 526 τηνάλλως
1071 455 1379 509 ἀποθανεῖν
1422 456 1515 509 καὶ
1560 463 1732 509 ταῦτα
1769 454 1858 509 ἐπὶ

174 550 301 617 νίκῃ
346 555 411 617 τῇ
459 547 552 599 διὰ
597 554 692 615 τῆς
737 546 999 613 βασάνου.
1075 545 1164 597 48.
1209 545 1647 615 προσπαρεκάλει
1693 543 1758 597 δέ
1793 564 1858 613 με

173 636 266 689 καὶ
318 636 379 688 τὸ
433 637 681 704 χείρονος
735 636 961 703 ἄμεινον
1014 634 1416 703 ἀντιλήψεσθαι
1476 636 1696 703 χωρίον,
1757 634 1859 701 τὴν
1905 653 1924 686 5

172 725 531 793 Νικομήδους
568 726 746 792 πόλιν,
787 725 966 791 λόγων
1004 723 1215 793 τροφὸν
1259 731 1353 791 τῆς
1397 730 1581 792 τρυφῇ
1621 725 1859 792 βαρυνο-

172 812 353 883 μένης.
431 812 459 866 ὁ
501 814 562 866 δὲ
598 812 857 882 κάκείνην
902 811 1079 866 ἔκλειέ
1120 831 1212 881 μοι
1259 812 1590 882 γράμμασιν,
1637 811 1703 864 οὐ
1751 811 1859 880 μὴν

176 903 256 965 εἰς
294 903 459 955 ἅπαν·
498 898 637 970 ἧκον
668 902 771 972 γὰρ
805 900 978 955 ἐκεῖσε
1011 901 1104 953 διὰ
1133 908 1228 969 τῆς
1258 901 1562 954 Διονύσου.
1622 901 1861 962 Νικαίας

170 992 279 1061 γὰρ
312 992 365 1043 οἱ
397 992 676 1060 οἰκήτορες
711 989 898 1058 ἐπειδὴ
935 988 1182 1059 ᾔσθοντο
1220 990 1322 1058 τὴν
1360 989 1570 1058 ἔξοδον,
1608 989 1860 1058 πρεσβεί-

169 1099 261 1142 αις
304 1077 429 1149 παρ’
485 1078 716 1141 ἑαυτοὺς
761 1078 997 1132 ἐκάλουν
1042 1079 1247 1131 ἅπασιν
1292 1077 1537 1141 ἐπαίνοις
1582 1077 1644 1131 ἐν
1689 1077 1859 1146 ψηφί-
1883 1097 1926 1129 10

171 1182 342 1237 σμασι
380 1169 664 1237 χρώμενοι.
726 1169 1115 1238 προσκυνήσας
1154 1168 1221 1236 δὴ
1260 1167 1359 1220 τὸν
1389 1168 1675 1220 Διόνυσον
1713 1166 1860 1219 εἱπό-

170 1277 284 1327 μην
331 1257 422 1309 καὶ
472 1252 639 1319 αὖθις
689 1256 768 1310 ὢν
818 1255 879 1309 ἐν
923 1256 1070 1319 νέοις
1115 1275 1173 1310 τε
1220 1256 1310 1309 καὶ
1358 1257 1541 1324 λόγοις
1579 1257 1859 1325 ψηφίσμα-

172 1360 268 1399 σιν
314 1345 519 1415 ἑτέροις
564 1343 653 1398 ἐπὶ
698 1346 800 1413 τὴν
844 1354 939 1414 τῆς
985 1349 1279 1414 Δήμητρος
1330 1346 1543 1414 ἠγόμην
1595 1351 1695 1397 τοῦ
1748 1353 1860 1396 τῶν

174 1438 445 1487 Βιθυνῶν
484 1436 749 1503 ἄρχοντος
788 1436 1038 1503 δεηθεῖσι
1077 1433 1450 1504 χαριζομένου.
1510 1434 1599 1485 49.
1637 1432 1857 1486 ἐδέοντο

171 1519 238 1576 δὲ
277 1523 379 1576 οὐκ
418 1523 619 1593 ἀπορίᾳ
658 1531 951 1592 σοφιστοῦ·
994 1525 1218 1592 πολίτης
1249 1524 1353 1592 γὰρ
1387 1524 1455 1592 δὴ
1486 1517 1556 1589 ἦν
1585 1542 1668 1584 τις
1701 1523 1859 1590 σφίσι
1885 1541 1926 1574 15

168 1621 285 1665 τῶν
323 1611 752 1681 ἐπαινουμένων,
792 1610 820 1664 ὁ
861 1611 922 1665 δὲ
961 1613 1142 1680 λόγων
1180 1612 1281 1681 μὲν
1320 1612 1423 1665 οὐκ
1461 1611 1696 1682 ἀπείρως
1732 1606 1858 1679 εἶχε,

170 1706 340 1773 θυμῷ
373 1699 423 1753 δ’
469 1700 726 1753 ἐδούλευε
763 1702 859 1753 καί
893 1718 1022 1754 ποτε
1060 1699 1388 1769 τὴνΙβουλὴν
1418 1701 1637 1753 ἅπασαν
1668 1701 1797 1753 δού-
1828 1711 1869 1754 R
1893 1714 1946 1753 37

177 1793 312 1851 λους
361 1798 472 1842 τῶν
521 1789 694 1842 αὑτοῦ
740 1788 992 1859 πατέρων
1039 1788 1301 1857 ἐτόλμησε
1346 1797 1684 1858 προσειπεῖν.
1744 1797 1859 1851 τοῖς

177 1878 241 1930 δὲ
284 1877 423 1946 ὑπὲρ
472 1877 627 1946 δίκης
671 1878 1099 1946 βουλευομένοις
1142 1876 1234 1930 καὶ
1275 1877 1382 1949 ὅτῳ
1425 1878 1528 1947 χρὴ
1567 1878 1664 1930 τὸν
1702 1877 1858 1947 ὑβρι-

173 1967 312 2034 στὴν
357 1970 669 2034 μετελθεῖν,
717 1966 976 2037 ἀθανάτῳ
1023 1986 1106 2029 τις
1153 1962 1270 2019 εἷπε
1315 1972 1481 2039 κακῷ,
1529 1966 1601 2028 ὡς
1646 1975 1758 2019 τῶν
1796 1985 1858 2035 γε
1884 1987 1926 2019 20

175 2055 359 2107 ἄλλων
405 2055 472 2107 οὐ
518 2063 743 2125 μακρῶν
788 2054 1088 2124 ἐσομένων·
1135 2053 1415 2125 ἐρομένων
1462 2053 1548 2123 δέ,
1594 2056 1652 2107 τί
1693 2061 1858 2108 τοῦτο

176 2147 258 2212 εἴη
311 2144 373 2196 τὸ
423 2142 709 2197 ἀθάνατον
763 2144 911 2215 αὐτῷ
957 2145 1144 2212 κακόν,
1191 2142 1289 2212 ἐμέ
1329 2163 1388 2196 τε
1434 2141 1538 2212 ἔφη
1586 2142 1678 2196 καὶ
1727 2145 1860 2207 τοὺς

199 2350 206 2360 ·
295 2338 318 2377 1
359 2333 523 2378 Aesch.
562 2333 603 2376 A
640 2369 648 2376 .
692 2338 806 2377 1624
986 2338 1012 2376 8
1051 2333 1134 2389 Ep.
1169 2337 1268 2378 819.
1313 2332 1401 2377 Dio
1434 2332 1537 2378 Chr,
1573 2346 1636 2377 or.
1668 2332 1860 2376 XXXIX

175 2407 220 2448 p.
248 2396 331 2436 158
364 2393 417 2437 R.
480 2391 564 2449 (Cf.
636 2392 745 2436 atal.
784 2391 836 2436 of
869 2392 1012 2450 greek
1051 2393 1179 2436 coins
1217 2392 1268 2436 in
1305 2391 1386 2436 the
1424 2392 1601 2436 British
1631 2391 1856 2446 Museum,

175 2451 383 2509 (Pontus)
414 2452 652 2509 Bithynia,
683 2451 861 2495 Nicaea
892 2456 931 2496 2.
966 2456 1034 2496 35.
1069 2456 1138 2495 44.
1174 2455 1270 2495 147.
1307 2453 1408 2508 154)
1839 2490 1843 2493 .

295 2619 349 2658 13
386 2614 483 2671 Τὴν
513 2613 835 2670 Νικομήδειαν
865 2612 1004 2672 λέγει·
1045 2613 1257 2658 ἐνταῦθα
1286 2612 1374 2672 γὰρ
1407 2611 1730 2670 διαφερόντως
1768 2613 1856 2658 ἐτι-

176 2679 291 2729 μᾶτο
321 2673 379 2717 τὰ
408 2679 491 2730 τῆς
520 2672 765 2731 Δήμητρος
796 2672 860 2718 P²

296 2840 320 2877 7
354 2850 407 2891 με
439 2836 485 2879 Β
583 2839 609 2878 8
642 2834 838 2887 εἰςάπαν
863 2835 907 2879 V
1000 2839 1025 2877 9
1058 2833 1103 2878 οἱ
1134 2849 1211 2878 om
1242 2835 1288 2879 L
1389 2839 1439 2878 11
1474 2834 1526 2879 δὲ
1558 2836 1604 2878 Β
1704 2838 1758 2877 15
1790 2849 1860 2883 τις

175 2887 237 2949 ἦν
266 2893 378 2937 Fen·
406 2894 456 2937 in
478 2907 613 2950 marg
634 2894 737 2938 Mor
759 2895 827 2938 Re
931 2898 984 2937 17
1019 2893 1069 2937 δὲ
1103 2895 1203 2938 BV
1301 2897 1355 2937 18
1387 2894 1530 2937 αὐτοῦ
1560 2893 1780 2937 AGPBL
1812 2894 1859 2935 et

178 2951 270 2996 edd
389 2957 446 2995 20
476 2951 546 3005 τίς
575 2953 621 2996 Β
663 2959 669 3006 Ι
712 2948 810 2998 εἷπε
842 2966 898 2997 ex
930 2949 1058 2997 εἶπεν
1090 2966 1192 2996 corr
1225 2952 1288 2996 GP
1423 2958 1476 2996 21
1511 2951 1694 3008 μακρὰν
1726 2952 1769 2994 L
