2026 3168
679 141 907 186 LIBANH
937 139 1278 186 ORATIONES
1716 140 1817 192 167

145 281 352 332 δοκοῦν
390 277 480 331 καὶ
520 279 602 345 ὄν,
649 286 832 330 κακῶν
877 277 939 329 τὸ
985 275 1257 344 μέγιστον.
1333 275 1580 346 τέτταρες
1626 277 1824 346 ἄνδρες

142 369 332 421 οἰκιῶν
366 365 372 437 Ι
406 375 518 419 τῶν
548 367 797 436 πρώτων,
829 366 1064 434 λαμπροὶ
1087 362 1190 432 μὲν
1221 363 1282 417 ἐν
1314 366 1732 432 διδασκαλείοις,
1763 377 1805 420 R
1827 381 1910 420 119

143 455 377 524 λαμπροὶ
418 452 479 508 δὲ
518 454 579 507 ἐν
619 454 824 524 ἀρχαῖς,
863 451 934 523 ἦν
973 451 1033 507 δὲ
1072 452 1134 506 ἐν
1178 462 1297 516 ταῖς
1335 453 1515 506 ἐλπίσι
1552 454 1612 506 τὸ
1652 455 1824 520 μειζό-

142 564 251 606 νως
296 541 616 611 ἐκλάμψειν,
665 539 819 596 οὗτοι
866 543 919 596 οἱ
964 541 1211 612 τέτταρες
1258 541 1318 594 ἐν
1364 541 1494 611 μησὶ
1540 542 1825 604 τοσούτοις

141 631 443 701 ἐτάφησαν,
490 633 580 685 καὶ
626 639 788 685 τοῦτο
828 634 1086 699 βασιλεὺς
1124 631 1343 699 ἀγνοῶν
1382 633 1618 698 ἔπεμπεν
1657 630 1823 700 ἀρχὰς

140 730 256 784 τοῖς
303 720 587 788 κειμένοις.
666 721 786 774 183.
839 721 1070 783 τούτους
1124 723 1203 773 ἔτι
1255 740 1349 787 μοι
1403 725 1708 772 πενθοῦντι
1762 720 1822 772 τὸ

139 811 265 880 περὶ
303 811 399 863 τὸν
437 811 579 863 πόδα
616 811 713 863 τὸν
753 808 936 873 δεξιὸν
975 809 1204 878 συνέβη·
1243 809 1370 878 περὶ
1401 804 1467 861 οὗ
1498 811 1630 861 ποία
1666 810 1823 870 πόλις

140 899 242 951 οὐκ
282 898 479 967 ἀκήκοε
517 908 628 951 τῶν
667 898 727 951 ἐν
765 899 1010 968 ἠπείροις
1047 897 1080 965 ἢ
1120 900 1330 967 νήσοις,
1379 898 1451 960 ὡς
1489 895 1684 966 ἀπῄειν
1722 884 1823 964 μὲν

142 988 453 1056 δειπνήσων
485 987 828 1055 λελουμένος,
851 987 1049 1040 παύειν
1081 986 1146 1040 δέ
1173 1006 1297 1039 τινα
1327 988 1505 1055 μάχην
1536 985 1824 1055 ἐπιχειρῶν

142 1074 203 1128 ἐν
241 1075 576 1142 μαινομένου
614 1095 670 1128 τε
710 1075 1013 1145 ἀνθρώπου
1051 1076 1240 1146 χερσὶν
1277 1070 1348 1143 ἦν
1378 1075 1468 1127 καὶ
1501 1077 1678 1144 χαμαί.
1732 1075 1822 1127 καὶ

140 1165 562 1234 περιτειχισθεὶς
608 1164 636 1217 ὁ
678 1165 841 1226 ἵππος
886 1164 992 1216 ὑπὸ
1039 1171 1138 1217 τοῦ
1186 1166 1354 1233 ὄχλου
1396 1163 1821 1232 κατηναγκάσθη

140 1260 205 1322 τῇ
245 1251 382 1322 ὁπλῇ
422 1261 708 1320 γυμνῶσαι
746 1254 844 1306 τὸν
881 1254 1024 1305 πόδα
1062 1259 1160 1305 τοῦ
1202 1251 1478 1322 δέρματος.
1547 1253 1723 1324 τούτῳ
1764 1248 1825 1304 δὲ

1869 651 1889 684 5

1848 1091 1891 1128 10

142 1339 591 1410 ἐπηκολούθησεν
636 1341 664 1394 ὁ
712 1343 885 1404 πολὺς
933 1341 1064 1411 ῥοῦς
1111 1340 1197 1393 ἐπὶ
1251 1349 1363 1394 πᾶν
1417 1341 1616 1407 ὁμοίως
1664 1339 1860 1407 μέλοςΙ

140 1432 357 1497 χυθείς,
404 1431 540 1483 ὥστε
586 1430 770 1492 οὐδεὶς
815 1426 886 1498 ἦν
932 1430 994 1492 ὃς
1040 1430 1142 1482 οὐκ
1190 1428 1471 1482 ἐπέπειστό
1516 1449 1582 1496 με
1628 1429 1824 1482 αὐτίκα

142 1516 570 1587 ἀποθανεῖσθαι,
607 1528 718 1571 τῶν
757 1538 819 1586 γε
857 1521 1170 1588 παρόντων,
1217 1527 1332 1581 τοῖς
1378 1517 1580 1570 ἀποῦσι
1627 1514 1689 1570 δὲ
1734 1516 1825 1570 καὶ

142 1605 474 1674 ἐτεθνήκειν.
541 1607 659 1660 184.
698 1606 789 1660 καὶ
828 1615 992 1660 τοῦτο
1031 1605 1230 1674 μεταξὺ
1263 1606 1617 1675 συνεβεβήκει
1650 1607 1826 1659 θανά-

140 1714 263 1747 τοιν
293 1697 518 1748 παιδίου
551 1716 608 1749 τε
640 1697 728 1748 καὶ
762 1695 979 1766 ἀνδρός,
1012 1695 1213 1766 ἀνδρὸς
1243 1694 1360 1764 μέν,
1394 1695 1451 1758 ὅς
1482 1715 1581 1765 μοι,
1608 1703 1826 1764 συνεῖχε

140 1784 202 1836 τὸ
240 1786 500 1850 ποίμνιον
540 1786 793 1854 διακονίᾳ
830 1803 886 1837 τε
925 1783 1017 1837 καὶ
1055 1786 1262 1852 πόνοις,
1301 1785 1528 1836 παιδίου
1562 1783 1638 1851 δέ,
1671 1783 1701 1836 ὅ
1732 1804 1826 1851 μοι

143 1872 208 1924 τὰ
254 1871 358 1924 ἀπὸ
403 1880 502 1925 τοῦ
548 1874 792 1939 καμάτου
840 1874 978 1926 λύον
1022 1874 1155 1939 μετὰ
1202 1873 1383 1942 ῥώμης
1427 1873 1595 1925 πάλιν
1641 1871 1726 1924 ἐπὶ
1764 1873 1824 1925 τὸ

1850 1536 1892 1572 15

1851 1894 1892 1926 19

142 1961 371 2027 κάμνειν
387 1956 499 2028 ἥγε.
529 1962 596 2013 τὰ
615 1959 716 2027 μὲν
739 1962 807 2030 δὴ
826 1960 1090 2027 Ὀλύμπια
1107 1959 1112 2032 Ι
1131 1960 1365 2013 ἐποιεῖτο
1389 1967 1465 2032 τῷ
1478 1959 1749 2032 Ὀλυμπίῳ
1766 1974 1807 2016 Β,
1829 1977 1914 2017 120

143 2052 266 2117 Διί,
313 2051 475 2117 λόγος
522 2046 582 2102 δὲ
630 2050 658 2102 ὁ
705 2048 962 2118 ποιηθεὶς
1008 2051 1085 2111 εἰς
1130 2050 1230 2118 τὴν
1273 2052 1588 2118 πανήγυριν
1634 2051 1825 2117 ἔκειτο,

145 2134 235 2204 ἐμὲ
276 2138 337 2190 δὲ
374 2138 441 2190 τά
478 2157 535 2190 τε
574 2139 710 2190 ἄλλα
750 2136 903 2207 ἔτηκε
941 2138 1030 2190 καὶ
1072 2138 1360 2208 ἀγρυπνία.
1441 2137 1559 2189 185.
1609 2139 1700 2190 διὰ
1738 2156 1825 2190 πι-

143 2234 279 2295 κροῦ
329 2227 396 2294 δὴ
442 2233 541 2279 τοῦ
580 2226 788 2296 θέρους
829 2227 992 2279 τοῦδε
1039 2223 1164 2279 οῖδα
1211 2225 1408 2280 ἐλθών.
1487 2226 1726 2295 σκληρὸν
1765 2225 1830 2279 δέ

143 2334 238 2381 μοι
290 2313 381 2367 καὶ
430 2315 490 2367 τὸ
543 2314 628 2367 ἐπὶ
679 2315 869 2386 τούτῳ.
952 2316 1178 2368 παιδίον
1226 2316 1330 2384 γὰρ
1382 2314 1586 2385 ἕτερον,
1638 2314 1666 2367 ὃ
1719 2317 1826 2367 σὺν

259 2480 280 2517 1
306 2482 463 2518 κακῶν
482 2475 645 2531 scripsi
663 2476 781 2520 eVL
834 2475 981 2519 κακὸν
997 2475 1127 2519 ΑΟΡ
1148 2475 1238 2518 edd
1277 2489 1349 2518 om
1370 2475 1415 2518 B
1477 2479 1502 2516 2
1529 2473 1714 2519 οἰκείων
1730 2476 1774 2519 L
1843 2469 1849 2473 ’

148 2538 173 2577 3
204 2528 262 2590 ἦν
295 2547 371 2577 0111
402 2535 446 2578 L
474 2534 479 2592 Ι
508 2534 558 2578 δὲ
591 2534 658 2591 ἐν]
693 2534 743 2578 ἐν
776 2533 827 2579 δὲ
859 2535 902 2578 L
994 2538 1019 2576 5
1054 2533 1256 2591 ἔπεμψεν
1287 2534 1398 2577 Fen·
1420 2533 1520 2577 Mor
1613 2539 1636 2577 7
1668 2533 1827 2584 πάθος

145 2594 251 2649 post
274 2591 441 2667 συνέβη
466 2593 613 2636 Ferr
599 2608 648 2636 1n
671 2607 805 2667 marg
821 2593 934 2645 Μο1·
961 2593 1184 2648 expunxit
1199 2593 1267 2636 Re
1350 2596 1376 2635 8
1402 2589 1448 2649 ἢ]
1477 2592 1526 2637 ἐν
1551 2594 1594 2637 L
1680 2596 1733 2636 10
1756 2593 1824 2665 τε]

147 2651 228 2706 μὲν
252 2653 296 2695 L
330 2652 335 2709 Ι
381 2669 436 2708 ην
468 2653 547 2695 καὶ
576 2650 733 2709 χαμαί.
767 2652 931 2708 scripsi
963 2666 1067 2695 cum
1100 2651 1324 2696 Sieversio
1354 2667 1400 2707 p.
1429 2656 1511 2694 152
1545 2665 1569 2695 e
1596 2653 1677 2695 VL
1751 2646 1825 2707 ἦν,

146 2710 227 2754 καὶ
257 2713 400 2768 χαμαὶ
430 2726 476 2754 π.
509 2711 679 2767 reliqui
710 2711 820 2755 libri
851 2711 942 2754 edd
981 2712 986 2768 Ι
1028 2710 1108 2754 καὶ
1139 2711 1313 2754 inserui
1344 2724 1368 2754 e
1403 2711 1484 2755 VL
1613 2715 1664 2753 11
1699 2725 1826 2765 περι-

146 2770 381 2821 κυλισθεὶς
411 2770 515 2814 coni
545 2770 647 2814 Mor
688 2769 695 2828 Ι
738 2770 828 2814 ὑπὸ
862 2769 938 2814 del
968 2769 1080 2813 Ferr
1109 2769 1158 2813 in
1188 2783 1323 2826 marg
1352 2769 1454 2812 Mor
1575 2774 1628 2812 12
1661 2766 1706 2812 δ’
1731 2770 1774 2813 V

149 2831 204 2871 16
236 2828 528 2887 συνεβεβήκει
561 2829 607 2872 Ρ
634 2829 715 2872 sed
746 2828 942 2887 υνεβεβή
972 2829 1021 2872 in
1051 2841 1126 2872 ras
1157 2828 1227 2872 m²
1349 2832 1402 2872 17
1434 2827 1494 2884 μὴ
1526 2829 1636 2872 Ferr
1666 2827 1768 2871 Mor

150 2890 202 2930 19
234 2893 316 2930 τοῦ
349 2900 424 2931 0111
455 2889 498 2932 L
532 2888 539 2946 Ι
580 2889 721 2931 λῦονῖ
753 2887 808 2931 cf.
846 2892 1024 2940 166,13
1175 2892 1231 2931 20
1262 2882 1373 2944 ἦγεν
1405 2887 1486 2930 sed
1518 2904 1545 2930 ν
1576 2900 1758 2930 erasum
1793 2886 1831 2930 C

207 2949 262 2988 22
296 2945 452 3002 ἔστηκε
483 2948 526 2990 L
647 2951 701 2990 23
732 2954 815 2990 τοῦ
847 2946 898 2991 δὲ
929 2948 972 2991 L
