2026 3168
696 143 923 188 LIBANII
954 142 1295 188 ORATIONES
1730 143 1835 195 257

160 279 276 350 μέν,
318 285 372 333 εἴ
405 281 498 333 σοί
531 300 613 342 τις
650 289 761 333 τῶν
795 288 1082 347 συγγενῶν
1113 283 1230 341 ἴσος
1261 278 1476 346 γένοιτο
1508 279 1643 331 κατὰ
1673 282 1841 331 πλοῦ-

161 389 275 437 τον,
315 368 609 438 ἀποπνίγῃ,
648 368 738 421 καὶ
776 369 837 421 τὸ
876 375 1098 438 πρᾶγμα
1137 367 1240 420 οὐκ
1278 367 1508 420 ἀνεκτὸν
1537 367 1627 420 καὶ
1659 365 1834 435 ἥδιστ’

162 457 232 510 ἂν
278 458 439 526 δίκην
485 459 669 526 ἔλαχες
716 465 780 527 τῇ
828 457 999 527 Τύχῃ,
1054 453 1146 523 ἐμὲ
1193 456 1254 509 δὲ
1308 456 1481 524 αὐτὴν
1534 456 1607 518 ὡς
1660 456 1843 508 δίκαια
1905 468 1908 470 ’

162 553 436 599 ποιοῦσαν
475 545 721 599 ἐπαινεῖν
757 543 968 614 ἠξίους,
1016 544 1158 598 οὕτω
1197 549 1373 615 πολλῇ
1411 545 1536 614 περὶ
1575 546 1705 607 τοὺς
1751 543 1845 597 ἀν-

162 635 427 703 θρώπους
458 634 644 705 ἀδικίᾳ
673 632 1010 703 κεχρημένην
1032 632 1161 686 καθ’
1191 633 1465 704 ἑκάτερον,
1497 637 1845 686 καθελοῦσαν
1892 652 1912 685 5

162 719 264 790 μὲν
309 722 408 785 οὓς
453 719 514 776 εὖ
561 731 744 776 ποιεῖν
788 721 970 792 ἐχρῆν,
1026 723 1236 776 δοῦσαν
1283 722 1344 775 δὲ
1396 723 1464 775 τὰ
1515 721 1641 792 παρ’
1679 721 1848 791 αὑτῆς

164 820 279 874 τοῖς
324 812 690 881 καθάρμασιν.
768 811 853 864 57.
907 811 940 880 ἢ
987 810 1078 864 καὶ
1119 813 1217 864 τὸν
1254 820 1366 865 τῶν
1404 812 1642 881 ἡνιόχων
1680 815 1848 864 πλοῦ-

164 920 264 953 τον
302 899 550 954 ἐπαινεῖν
587 920 654 969 με
691 903 955 970 προσήκει
1000 902 1091 954 καὶ
1142 900 1202 963 ὅς
1250 899 1401 954 ἐστιν
1451 899 1654 970 ἑτέροις
1702 898 1849 954 τισὶν

166 988 260 1043 ἐπί
293 1009 403 1042 τινι
442 988 638 1058 γέλωτι
675 988 766 1042 καὶ
810 991 870 1043 τὸ
916 992 1211 1060 πρόχειρον
1258 986 1399 1043 εἶναι
1448 990 1618 1058 ζώνης
1662 997 1851 1058 τυχεῖν

105 1126 112 1130 ,
165 1078 257 1131 καὶ
294 1078 355 1130 τὸ
395 1080 524 1140 τοὺς
562 1080 888 1141 νεανίσκους
926 1078 1329 1148 ἀναισχυντεῖν,
1366 1078 1457 1131 καὶ
1494 1078 1556 1130 τὸ
1591 1079 1722 1140 τοὺς
1751 1095 1850 1130 πα-
1876 1097 1918 1129 10

166 1165 324 1237 τέρας
352 1174 524 1220 ταῦτα
554 1166 797 1236 ὁρῶντας
828 1165 1142 1236 ἀνέχεσθαι,
1181 1167 1271 1220 καὶ
1301 1167 1362 1219 τὸ
1394 1175 1487 1236 τῆς
1518 1163 1620 1235 μὲν
1650 1164 1853 1235 ἡμέρας

166 1257 227 1308 τὸ
282 1254 450 1309 πλέον
502 1256 815 1324 καθεύδειν,
877 1264 972 1325 τῆς
1028 1255 1090 1308 δὲ
1141 1257 1341 1318 νυκτὸς
1395 1255 1455 1308 ἐν
1508 1261 1582 1327 τῷ
1631 1253 1853 1324 μέλλειν

169 1349 409 1397 λοῦσθαι
450 1345 727 1408 δαπανᾶν;
776 1344 838 1397 ἐν
876 1337 919 1417 ᾧ
952 1344 1013 1397 δὲ
1051 1343 1372 1411 μέλλουσιν,
1421 1344 1450 1396 ὅ
1489 1364 1541 1396 τι
1582 1342 1670 1396 καὶ
1712 1344 1852 1397 ὅπου

169 1433 393 1503 δρῶσιν,
438 1433 503 1486 οὐ
545 1431 699 1500 λέγω.

279 1521 364 1574 58.
428 1520 687 1591 Τέτταρες
739 1517 882 1590 ἦσαν
930 1521 1274 1592 ὑπογραφεῖς
1328 1520 1544 1593 ἐκείνῳ,
1605 1519 1731 1591 περὶ
1787 1517 1854 1574 οὗ
1880 1539 1921 1572 15

170 1610 345 1678 λέγων
382 1630 434 1663 τι
473 1611 644 1663 καλὸν
684 1606 812 1663 οἶδα
851 1614 1061 1678 λυπῶν,
1096 1609 1190 1663 ’καὶ
1230 1611 1325 1672 τὰς
1372 1608 1628 1678 ἀγγελίας
1668 1611 1721 1662 οἱ
1760 1609 1856 1678 φέ-

170 1718 360 1769 ροντες
406 1697 785 1768 ἑπτακαίδεκα,
832 1698 923 1752 καὶ
972 1699 1000 1753 ὁ
1048 1700 1269 1762 τούτοις
1316 1698 1625 1768 ἐφεστηκὼς
1674 1694 1857 1752 ἆθλον

173 1783 281 1856 εἶχε
326 1790 549 1840 πολλῶν
595 1786 732 1841 ἐτῶν
777 1788 878 1856 τὴν
923 1786 1049 1857 περὶ
1096 1788 1197 1841 τὸν
1234 1788 1438 1856 χαλκὸν
1475 1786 1668 1857 ἀρχήν,
1708 1788 1761 1840 οἱ
1800 1788 1849 1840 δ’

172 1877 326 1928 ἄλλοι
362 1876 368 1943 Ι
403 1877 499 1938 τὰς
550 1878 734 1939 πόλεις
785 1875 1016 1930 ἐποίουν
1070 1877 1332 1945 λαμπράς.
1409 1877 1474 1928 τὰ
1529 1872 1590 1929 δὲ
1642 1883 1765 1945 νῦν,
1797 1888 1941 1932 R191

174 1965 224 2016 οἶ
273 1963 374 2033 μέν
421 1965 564 2017 εἰσιν
610 1970 783 2018 εἴκοσι
829 1963 921 2018 καὶ
967 1967 1336 2032 πεντακόσιοι,
1388 1965 1440 2017 οἱ
1493 1961 1552 2017 δὲ
1602 1974 1735 2017 τῶνι
1760 1985 1860 2034 μυ-
1883 1986 1927 2018 20

177 2054 313 2121 ρίων
350 2056 592 2121 πλείους,
633 2047 675 2125 ᾧ
710 2050 771 2106 δὲ
808 2053 957 2121 μέλει
989 2054 1218 2122 τούτων,
1259 2051 1410 2107 ὁπότ’
1450 2053 1595 2124 αὐτῷ
1630 2052 1860 2122 δόξειεν,

296 2218 350 2256 15
384 2211 561 2270 ἐκείνω]
597 2202 646 2256 σ”ῑ
677 2214 783 2268 περὶ
823 2213 1062 2258 ἰουλιανοῡ
1088 2215 1134 2258 Α
1173 2214 1230 2257 cf.
1263 2214 1296 2256 t.
1329 2214 1350 2257 Ι
1382 2218 1526 2268 567‚8
1559 2241 1615 2246 —
1649 2217 1747 2267 569,
1768 2218 1794 2256 4
1819 2214 1860 2256 R

177 2271 245 2328 (ο.
264 2259 543 2326 Hirschfeld,
576 2272 678 2316 Act.
703 2273 846 2316 Acad.
873 2272 1022 2316 Berol.
1059 2277 1186 2327 1893,
1219 2276 1322 2330 435)

298 2439 320 2477 1
354 2433 423 2484 τίς
454 2435 546 2478 ΑΒ
557 2435 682 2479 VMo
710 2437 715 2491 Ι
743 2432 764 2449 ”
795 2435 844 2478 in
870 2434 967 2485 ι”σος
993 2435 1041 2478 in
1065 2449 1140 2479 ras
1166 2436 1211 2479 P
1221 2436 1237 2460 3
1264 2438 1269 2492 Ι
1298 2433 1476 2492 γένοιτο
1502 2449 1604 2479 corr
1628 2448 1652 2479 e
1676 2434 1862 2492 γένηται

193 2539 236 2583 U
243 2537 294 2581 ²1
301 2536 317 2561 ²
377 2510 565 2595 γένῗῖττέι
590 2540 674 2582 Mo
717 2540 723 2594 Ι
765 2537 884 2581 κατὰ
914 2541 1115 2582 πλοῦτον
1147 2538 1271 2582 inser
1300 2538 1357 2583 1²
1470 2543 1495 2581 2
1528 2540 1636 2594 post
1666 2538 1862 2582 ἀνεκτὸν

182 2596 478 2640 inserendum
518 2597 660 2640 ducat
698 2596 934 2671 quispiam
976 2596 1088 2654 ἡγῇ,
1129 2597 1210 2640 sed
1258 2597 1314 2641 cf.
1349 2611 1411 2641 or.
1438 2597 1500 2641 VI
1531 2613 1575 2653 p.
1610 2602 1708 2650 242,
1735 2601 1790 2640 20
1822 2597 1863 2639 R

182 2654 338 2700 δεινόν
368 2672 411 2699 τι
442 2663 578 2700 τοῦτο
714 2662 739 2699 3
773 2659 802 2701 δ
847 2656 916 2700 Re
1052 2661 1078 2698 4
1109 2656 1255 2712 ἠξιοῦ.
1276 2656 1398 2700 Fabr
1484 2671 1594 2699 num
1626 2657 1804 2708 ἀξιοῖςὶ)

182 2718 208 2757 ὅ
239 2713 577 2796 κεχρημεμένην
611 2717 695 2760 Mo
831 2719 857 2758 6
890 2714 971 2765 οὓς
1001 2715 1125 2759 inser
1156 2715 1228 2759 P³
1270 2717 1275 2772 Ι
1325 2716 1466 2772 αὑτῆς
1502 2729 1605 2759 corr
1637 2729 1692 2758 ex
1724 2715 1866 2770 αὐτῆς

182 2772 289 2816 1³³1
386 2774 529 2831 αὐτῆς
558 2775 740 2820 AUMO
823 2774 982 2826 αὐτοῖς
1012 2773 1134 2817 Fabr
1263 2779 1314 2818 11
1347 2772 1492 2818 ταῦθ’
1518 2775 1560 2817 V
1596 2778 1601 2825 Ι
1643 2780 1744 2825 ταῖς
1774 2774 1820 2817 Β
1856 2774 1860 2831 Ι

183 2829 377 2887 ἡμέραις
407 2833 452 2875 Β
589 2838 641 2876 12
673 2849 721 2877 τε
753 2833 875 2876 Fabr
1007 2837 1060 2876 15
1094 2831 1274 2878 ἐκείνου
1308 2835 1418 2878 ΒΜ
1555 2838 1609 2877 16
1641 2830 1685 2876 τί
1716 2833 1871 2877 ΡΒΜ

192 2891 346 2935 VIM0
467 2895 521 2934 18
553 2899 644 2936 τῶν
677 2894 857 2950 χαλκῶν
890 2893 1028 2947 ΒΜΙ
1058 2888 1152 2937 οἶδ’
1181 2895 1265 2937 Mo
1387 2897 1442 2935 20
1474 2887 1593 2947 ἦσαν
1626 2894 1659 2935 Ι
1737 2909 1764 2948 η
1790 2905 1815 2934 σ
1841 2909 1868 2935 ν

184 2948 397 3005 (singulis
430 2949 598 2994 litteris
631 2950 792 3007 erasis)
818 2951 861 2995 U
992 2955 1044 2994 21
1081 2952 1223 2995 αὐτοῦ
1261 2954 1343 2997 Mo

283 3031 480 3064 hunnus
504 3032 560 3063 ed.
587 3033 824 3065 Foerster.
1553 3028 1604 3067 17
