2026 3168
185 139 254 192 96
725 138 951 184 LIBANH
983 137 1323 182 ORATIONES

184 275 351 344 σοφοὶ
389 278 558 346 μυρίᾳ
589 275 813 347 βασάνῳ
845 282 1192 342 κατενεγκεῖν
1223 272 1572 342 ἐθελήσουσι·
1607 274 1727 326 δεῖν
1759 269 1866 326 οὖν

186 365 265 416 ἔτι
324 362 676 432 ἐπιζητοῦντα
728 363 1051 431 μανθάνειν.
1142 362 1228 414 27.
1285 360 1373 414 ἐπὶ
1420 362 1482 414 δὲ
1527 361 1753 432 ἀγγελίᾳ
1799 369 1863 431 τῇ

185 451 310 522 περὶ
349 460 443 520 τῆς
482 453 730 522 πράσεως
761 450 1026 520 Ἀθήναζε
1072 451 1280 520 ἡκούσῃ
1327 451 1543 512 πάντως
1581 449 1650 503 ἂν
1693 450 1865 502 αὐτοῦ

185 539 484 610 κατέμενον
523 539 690 593 οὐδέν
727 560 778 592 τι
816 548 930 602 τοῖς
965 544 1217 607 κτηθεῖσι
1249 539 1542 608 χρώμενος,
1575 537 1603 590 ὃ
1638 539 1704 607 δὴ
1735 541 1867 591 πολ-

143 651 162 685 5
189 631 317 691 λοὺς
361 637 472 681 τῶν
518 628 661 681 νέων
709 627 971 694 κατέλαβε
1016 629 1245 697 θρόνων
1294 646 1352 679 τε
1403 627 1468 679 οὐ
1525 626 1868 696 δυνηθέντας

189 716 582 784 ἀντιλαβέσθαι
613 726 724 769 τῶν
763 716 963 769 αὐτόθι
1002 716 1137 784 πρὸς
1177 716 1347 786 γῆράς
1377 735 1435 767 τε
1470 714 1582 784 μετ’
1622 716 1870 784 άφωνίας

188 807 434 874 ἥκοντας.
518 813 821 874 μηχανᾶται
868 805 937 873 δή
982 823 1035 856 τι
1081 805 1313 857 τοιόνδε.
1390 807 1678 876 Κρισπίνῳ
1725 804 1870 873 μάλα

191 894 440 963 ἐχρώμην
471 891 819 963 ρΗρακλεώτῃ
859 894 1129 965 νεανίσκῳ
1167 894 1265 945 τὸν
1307 897 1431 946 ἴσον
1471 892 1578 945 ἐκεῖ
1621 912 1712 961 μοι
1754 894 1872 945 δια-

189 985 468 1052 τετριφότι
506 984 729 1051 χρόνον,
769 975 812 1054 ᾧ
845 983 906 1034 τὸ
948 983 1228 1034 δύνασθαι
1268 981 1449 1048 λέγειν
1491 982 1623 1048 μετὰ
1660 990 1872 1050 μικρῶν

128 1095 170 1127 10
193 1073 225 1140 ἡ
251 1072 419 1140 φύσις
445 1070 730 1141 ἐχαρίσατο
762 1072 966 1139 πόνων,
998 1070 1286 1139 ἡλικιώτης
1319 1067 1379 1122 δὲ
1412 1071 1489 1123 ὢν
1513 1068 1640 1138 ἐμὸς
1669 1068 1874 1139 πατέρα

192 1180 257 1227 με
296 1158 426 1231 ᾤετο
466 1167 746 1230 προσορᾶν
783 1160 875 1211 καὶ
912 1167 1027 1221 τοῖς
1066 1157 1214 1226 ἐμοῖς
1252 1161 1442 1225 νόμοις
1481 1157 1543 1210 ἐν
1581 1159 1788 1226 μείζοσί
1816 1177 1875 1210 τε

192 1249 283 1301 καὶ
322 1246 569 1301 ἐλάττοσι
606 1250 934 1314 πειθόμενος
971 1245 1222 1319 πατρῴας
1269 1247 1335 1299 οὐ
1375 1248 1715 1316 κατῄσχυνεν
1755 1246 1876 1317 ἀρε-

193 1338 288 1399 τὰς
341 1335 653 1405 ἡγουμένου
714 1337 936 1389 πάντων
997 1336 1144 1408 αὐτῷ
1201 1336 1455 1406 ῥημάτων
1517 1334 1875 1406 ἐρυθήματος.

195 1421 355 1488 οὗτος
388 1426 574 1478 οἴκαδε
603 1425 940 1493 καλούμενος
970 1425 1079 1477 ὑπὸ
1111 1432 1210 1477 τοῦ
1242 1426 1421 1493 θείου,
1446 1455 1518 1461 -
1542 1427 1703 1477 θείου
1727 1425 1878 1486 τινὸς

131 1535 172 1568 15
196 1515 270 1576 ὡς
309 1513 529 1582 ἀληθῶς
565 1513 867 1583 ἀνθρώπου
898 1511 988 1566 καὶ
1019 1515 1184 1566 πλείω
1217 1533 1279 1581 γε
1309 1518 1465 1575 θεοῖς
1496 1513 1528 1582 5}
1561 1512 1877 1583 ἀνθρώποις

197 1603 557 1671 ὁμιλήσαντος
608 1601 669 1654 ἐν
718 1610 812 1672 γῇ,
866 1603 1044 1655 καίτοι
1094 1604 1260 1670 νόμος
1307 1621 1369 1668 γε
1414 1597 1560 1671 εἶργε
1607 1602 1696 1654 καὶ
1734 1597 1806 1669 ’ἦν
1843 1602 1876 1669 ἡ

197 1693 320 1760 δίκη
360 1698 434 1763 τῷ
463 1695 731 1758 τολμῶντι
761 1691 1021 1759 θάνατος,
1061 1688 1176 1743 ἀλλ’
1210 1691 1353 1756 ὅμως
1386 1693 1491 1743 σὺν
1524 1690 1709 1752 αὐτοῖς
1742 1689 1876 1742 ἐκεί-

109 1793 225 1836 R22
259 1801 376 1842 νοις
412 1784 418 1845 Ι
451 1782 822 1850 πορευόμενος
860 1779 958 1832 τὸν
996 1780 1121 1848 βίον
1167 1781 1340 1846 νόμου
1388 1799 1445 1830 τε
1490 1786 1738 1848 πονηροῦ
1787 1779 1879 1831 καὶ

197 1867 507 1937 νομοθέτου
563 1870 868 1936 δυσσεβοῦς
920 1867 1182 1935 κατεγέλα
1228 1899 1300 1905 —-
1348 1868 1420 1929 ὡς
1468 1863 1571 1920 οὗν
1624 1865 1878 1935 ἐκέκλητο

133 1978 175 2011 20
199 1958 289 2010 καὶ
325 1956 513 2024 μένειν
553 1955 727 2009 οὐκέτ’
766 1951 853 2025 ἦν,
891 1956 924 2025 ἡ
964 1958 1202 2026 καρδία
1241 1957 1301 2008 οἱ
1339 1955 1466 2009 καθ’
1494 1953 1733 2025 Ὅμηρον
1771 1975 1881 2025 με-

200 2046 361 2113 γάλα
400 2048 718 2114 στήθεσσι
758 2045 1040 2097 πάτασσε
1080 2045 1169 2097 καὶ
1207 2047 1418 2113 μᾶλλόν
1449 2064 1510 2112 γε
1541 2043 1573 2112 5}
1608 2046 1655 2097 εἰ
1686 2046 1879 2114 ἤρχετο

199 2135 478 2202 πολεμίοις
529 2132 832 2202 συμμίξων·
888 2132 949 2186 ἐν
995 2136 1242 2195 πολίταις
1288 2134 1391 2201 γὰρ
1439 2129 1508 2185 αὗ
1549 2132 1748 2196 δεξιοῖς
1788 2133 1880 2184 καὶ

321 2342 375 2380 20
407 2338 457 2380 11.
492 2356 518 2381 ν
543 2341 628 2380 282
662 2339 708 2380 et
739 2354 766 2393 η
793 2341 877 2379 216

1745 2468 1877 2512 -ἔστι-

321 2532 345 2570 2
388 2528 451 2572 ἔτι
484 2528 784 2585 ἐπιζητοῦντα
824 2528 989 2584 scripsi
1029 2541 1052 2571 e
1085 2529 1174 2572 PB
1266 2527 1331 2571 ἔτι
1369 2531 1591 2583 ζητοῦντα
1618 2527 1698 2570 VL
1783 2527 1880 2570 ἐπι-

202 2590 426 2642 ζητοῦντα
457 2588 503 2631 Α
564 2588 863 2644 ἐπιζητοῦντα
898 2587 935 2630 O
963 2586 1054 2630 edd
1174 2591 1199 2629 8
1232 2602 1309 2641 μοι
1341 2599 1366 2628 e
1397 2592 1629 2642 (wbsslorr.
1667 2586 1730 2629 Cn
1792 2602 1880 2640 μου

204 2647 250 2689 Α
356 2649 409 2687 10
440 2644 618 2700 πατέρα
649 2673 707 2678 ——
741 2651 793 2688 11
827 2645 987 2701 νόμοις
1022 2659 1097 2688 om
1129 2646 1172 2689 L
1271 2649 1324 2687 12
1356 2643 1573 2703 πατρῴας
1602 2670 1659 2675 ——
1693 2649 1746 2686 13
1780 2645 1882 2700 ἐρυ-

203 2702 414 2759 θήματος
446 2718 520 2746 om
544 2706 589 2748 B
713 2708 765 2747 15
791 2705 1044 2759 ὡσαληθῶς
1067 2705 1112 2747 Β
1141 2704 1146 2761 Ι
1181 2720 1230 2760 γε
1255 2703 1419 2759 scripsi
1445 2704 1631 2746 auctore
1657 2703 1769 2745 Sint.
1833 2719 1881 2746 τε

205 2763 378 2807 AGPB
411 2763 552 2818 (quod
584 2763 738 2805 delere
769 2763 916 2806 voluit
939 2763 1024 2819 Re)
1057 2775 1131 2805 om
1157 2763 1199 2805 V
1281 2769 1378 2812 τοῖς
1401 2762 1444 2804 L
1476 2761 1742 2817 (articulum
1773 2764 1881 2805 ante

204 2822 312 2865 θεοὶ
343 2821 463 2864 solet
494 2821 707 2864 omittere
739 2821 978 2878 Libanius)
1102 2826 1154 2864 17
1186 2824 1249 2879 τῷ
1281 2835 1356 2863 om
1379 2822 1425 2864 P
1459 2821 1464 2878 1
1506 2820 1756 2876 τολμήματι
1779 2821 1822 2863 L

209 2885 262 2924 18
294 2879 686 2936 διαπορευόμενος
715 2880 784 2923 Re
806 2880 946 2923 Anim
1053 2884 1105 2922 21
1141 2879 1328 2934 στήθεσι
1361 2881 1449 2923 BL
1550 2884 1602 2922 22
1637 2876 1695 2922 αὖ
1729 2879 1883 2923 delere

205 2939 306 2982 vult
337 2941 419 2982 aut
448 2939 496 2982 in
527 2938 864 2982 noivv-mutare
895 2939 962 2982 Re
