2026 3168
185 108 290 161 154
721 107 949 151 LIBANH
980 106 1320 152 ORATIONES

243 230 247 234 ⁴
292 244 411 296 148.
476 244 705 306 Τούτοις
744 242 900 306 ἄξιον
939 242 1115 296 ἐκεῖνο
1155 248 1488 313 προσθεῖναι
1527 246 1760 314 σμικρόν
1797 264 1856 299 τε

87 345 131 389 R
154 350 236 389 100
268 334 358 385 καὶ
398 333 464 386 οὐ
506 333 759 402 σμικρόν·
807 332 962 400 ὑμῶν
1001 333 1102 400 μὲν
1140 334 1415 404 γὰρ“ἰ’σως
1451 337 1455 398 Ι
1491 352 1564 405 τω
1604 337 1859 403 μικρολο-

178 427 398 489 γεῖσθαι
447 420 611 489 δόξω,
660 421 885 489 δηχθεὶς
931 417 992 472 δὲ
1040 421 1204 483 αὐτὸς
1242 422 1342 489 τὴν
1380 422 1564 490 ψυχὴν
1604 418 1731 474 οἶδα
1768 420 1859 475 καὶ

178 508 264 563 ἐπὶ
302 509 518 581 μεγάλω
557 516 721 562 τοῦτο
761 510 976 562 παθών.
1037 505 1108 576 ἦν
1140 529 1232 578 μοι
1263 509 1295 578 ἡ
1333 510 1686 562 Θουκυδίδου
1727 524 1859 578 συγ-

133 619 153 652 5
177 601 385 669 γραφή,
432 598 720 667 γράμματα
769 594 870 664 μὲν
920 597 981 650 ἐν
1032 600 1314 666 μικρότητι
1362 601 1641 669 χαρίεντα,
1687 599 1747 651 τὸ
1797 595 1858 651 δὲ

179 689 400 756 σύμπαν
424 687 566 740 οὕτω
600 683 798 757 ῥᾴδιον
829 685 1037 756 φέρειν,
1071 685 1195 738 ὥστ’
1237 686 1399 749 αὐτὸς
1431 689 1632 757 ἔφερον
1662 687 1860 750 παιδὸς

177 776 627 837 ἀκολουθοῦντος
665 775 754 827 καὶ
798 775 859 827 τὸ
901 777 1136 844 φορτίον
1181 774 1370 844 τέρψις
1416 770 1498 842 ἦν.
1576 774 1636 827 ἐν
1680 777 1856 848 τούτῳ

175 865 275 917 τὸν
305 866 547 932 πόλεμον
574 872 685 916 τῶν
712 866 1179 931 Πελοποννησίων
1210 862 1300 916 καὶ
1321 861 1629 931 Ἀθηναίων
1659 864 1858 931 μαθὼν

176 951 524 1019 ἐπεπόνθειν,
565 952 698 1022 ὅπερ
742 957 871 1014 ἴσως
909 953 1013 1020 ἤδη
1053 971 1135 1014 τις
1173 950 1264 1004 καὶ
1303 951 1505 1020 ἕτερος·
1545 953 1611 1005 οὐ
1652 953 1755 1022 γὰρ
1789 951 1858 1004 ἂν

109 1063 153 1095 10
179 1039 231 1104 ἐξ
259 1039 441 1109 ἑτέρας
465 1042 665 1108 βίβλου
698 1039 848 1093 ταῦτ’
888 1039 959 1093 ἂν
990 1036 1158 1103 αὖθις
1189 1039 1437 1109 ἐπῆλθον
1467 1042 1606 1111 πρὸς
1635 1041 1857 1109 ἡδονήν.

178 1129 297 1182 149.
346 1129 589 1182 ἐπαινῶν
635 1130 702 1197 δὴ
749 1130 926 1182 πολλὰ
973 1128 1064 1182 καὶ
1109 1130 1247 1199 πρὸς
1291 1132 1531 1192 πολλοὺς
1576 1130 1637 1182 τὸ
1685 1136 1860 1198 κτῆμα

175 1217 265 1272 καὶ
306 1218 738 1288 εὐφραινόμενος
776 1223 989 1286 μᾶλλον
1025 1217 1056 1286 ἢ
1093 1219 1454 1287 Πολυκράτης
1484 1225 1558 1291 τῷ
1585 1219 1857 1290 δακτυλίῳ

174 1307 405 1370 κλέπτας
430 1307 577 1378 αὐτῷ
602 1316 717 1370 τοῖς
742 1306 986 1369 ἐπαίνοις
1010 1306 1232 1376 ἐπῆγον,
1265 1303 1347 1361 ὧν
1370 1309 1501 1370 τοὺς
1523 1304 1625 1373 μὲν
1657 1308 1859 1369 ἄλλους

175 1396 349 1458 εὐθὺς
387 1394 580 1466 ᾕρουν,
622 1396 651 1449 ὁ
685 1395 750 1448 δέ
777 1415 839 1463 γε
877 1400 1186 1459 τελευταῖος
1224 1398 1408 1465 πυρὰν
1447 1395 1622 1463 ἀνῆψε
1653 1403 1752 1449 τοῦ
1784 1397 1856 1464 μὴ

107 1505 149 1538 15
175 1484 404 1553 ἁλῶναι,
450 1485 541 1537 καὶ
589 1485 733 1537 οὕτω
782 1485 850 1553 δὴ
897 1492 996 1537 τοῦ
1045 1488 1222 1553 ζητεῖν
1268 1482 1370 1553 μὲν
1417 1483 1750 1553 ἐπεπαύμην,
1797 1485 1857 1536 τὸ

173 1575 245 1642 μὴ
285 1577 584 1627 λυπεῖσθαι
626 1570 686 1625 δὲ
725 1572 827 1625 οὐκ
867 1569 1032 1642 εἶχον.
1111 1572 1247 1626 ἀλλὰ
1285 1574 1376 1626 καὶ
1422 1574 1482 1626 τὸ
1531 1572 1725 1642 κέρδος
1763 1592 1857 1641 μοι

173 1663 234 1715 τὸ
280 1664 427 1733 παρὰ
473 1670 573 1715 τοῦ
628 1662 983 1715 Θουκυδίδου
1036 1661 1173 1731 μέγα
1224 1661 1293 1715 ἂν
1347 1664 1647 1731 γενόμενον
1699 1670 1857 1730 μεῖον

172 1753 365 1819 ἤρχετο
413 1752 504 1803 διὰ
549 1752 610 1803 τὸ
661 1752 768 1803 σὺν
815 1750 978 1821 ἀηδίᾳ
1023 1751 1339 1820 γράμμασιν
1386 1749 1591 1821 ἑτέροις
1630 1750 1857 1819 ὁμιλεῖν.

177 1839 296 1891 150.
337 1839 474 1891 ἀλλὰ
510 1837 602 1892 καὶ
634 1847 797 1891 τοῦτο
829 1838 1017 1905 μέντοι
1048 1839 1109 1891 τὸ
1144 1839 1318 1901 οὕτως
1350 1838 1582 1909 ἀνιαρὸν
1612 1837 1859 1909 βραδέως

108 1949 150 1981 20
172 1927 289 1997 μέν,
330 1927 474 1996 ὅμως
514 1924 574 1980 δὲ
616 1927 802 1980 ἰάσατο
835 1927 867 1995 ἡ
910 1928 1071 1996 Τύχη.
1120 1927 1404 1980 διετέλουν
1434 1924 1535 1994 μὲν
1573 1928 1677 1998 γὰρ
1718 1928 1857 1996 πρὸς

81 2028 125 2072 R
148 2033 229 2072 101
254 2019 384 2078 τοὺς
408 2015 750 2084 ἐπιτηδείους
778 2014 783 2086 Ι
811 2017 1045 2086 γράφων
1069 2016 1200 2068 αὐτὸ
1226 2017 1358 2082 μετὰ
1383 2017 1573 2084 λύπης,
1605 2022 1680 2088 τῷ
1711 2017 1855 2087 λόγῳ

172 2104 339 2175 μέτρα
385 2125 442 2157 τε
490 2105 854 2173 διηγούμενος
899 2106 990 2157 καὶ
1030 2098 1154 2157 οἷον
1192 2102 1294 2173 μὲν
1332 2106 1398 2157 τὰ
1437 2110 1590 2173 εἴσω,
1630 2097 1754 2156 οἷον
1794 2100 1855 2156 δὲ

170 2194 237 2245 τὰ
275 2192 375 2256 ἔξω
415 2194 504 2246 καὶ
543 2201 652 2246 ποῦ
693 2201 800 2246 νῦν
839 2195 945 2264 ἄρα
983 2192 1073 2246 καὶ
1113 2192 1175 2246 ἐν
1213 2195 1364 2256 τίνος
1400 2195 1568 2263 χερσί.
1638 2191 1762 2255 νέος
1793 2190 1859 2244 δέ

171 2301 271 2349 τις,
310 2284 534 2350 πολίτης
574 2281 717 2350 ἐμός,
750 2281 1058 2350 ἐωνημένος
1088 2277 1220 2350 ἧκεν
1253 2282 1723 2351 ἀναγνωσόμενος,
1762 2278 1853 2332 καὶ

291 2460 316 2498 3
350 2455 485 2512 Soph.
519 2456 626 2499 Ant.
662 2461 744 2499 317
870 2461 924 2500 10
954 2455 1081 2500 Dcm.
1118 2455 1304 2512 Olynth.
1337 2456 1358 2498 I
1390 2460 1413 2509 ξ
1443 2460 1496 2499 15
1527 2471 1572 2512 p.
1601 2459 1668 2510 13,
1694 2459 1748 2498 23

291 2621 313 2659 1
342 2619 390 2660 et
414 2622 438 2659 2
472 2616 635 2673 μικρόν
660 2619 702 2661 V
827 2623 851 2661 3
892 2618 972 2661 καὶ
1011 2632 1085 2662 0111
1116 2619 1160 2662 L
1288 2621 1315 2659 4
1353 2612 1592 2660 voebvbAEc
1630 2631 1742 2659 num
1779 2633 1853 2660 το-

172 2681 339 2719 σοῦτοῗ
430 2681 455 2718 9
490 2676 597 2728 ἴσως
630 2674 739 2732 ὅπερ
773 2678 816 2720 L
909 2682 962 2719 10
995 2674 1120 2721 τοῦτ’
1142 2678 1185 2720 L
1245 2682 1390 2719 ταῦτα
1414 2676 1515 2719 Mor
1537 2676 1605 2719 Re
1698 2681 1752 2719 14
1783 2691 1851 2719 τε·

170 2736 377 2784 λευταῖος
401 2735 563 2791 scripsi
596 2749 620 2778 e
645 2736 728 2779 VL
790 2735 942 2791 ἕτερος
967 2736 1103 2779 ΑΡΒ
1137 2735 1226 2778 cdd
1287 2749 1361 2779 om
1386 2736 1431 2778 B
1459 2735 1464 2792 Ι
1499 2734 1653 2790 πυρὰν
1686 2734 1852 2791 scripsi

171 2806 276 2836 cum
299 2793 367 2836 Re
390 2793 529 2836 Anim
561 2797 608 2838 ct
631 2794 788 2837 Grasda
812 2795 913 2838 coll.
939 2795 961 2838 I
984 2799 1053 2847 47,
1073 2799 1120 2848 23
1155 2798 1252 2847 117,
1279 2798 1326 2848 ὃς
1358 2798 1455 2847 165,
1475 2797 1498 2835 7
1524 2794 1566 2836 R
1624 2801 1717 2849 πῦρ
1741 2793 1851 2836 libri

172 2851 262 2894 edd
406 2857 458 2896 16
491 2852 550 2909 μὴ
584 2867 658 2896 0111
690 2854 734 2897 L
877 2858 932 2896 20
973 2852 1024 2897 δὲ
1063 2853 1227 2908 scripsi
1267 2866 1291 2895 e
1316 2853 1399 2896 VL
1439 2854 1625 2896 auctore
1656 2853 1724 2896 Rc
1800 2849 1846 2895 δ’

170 2910 294 2954 inser
326 2910 393 2954 13²
455 2925 529 2954 om
560 2912 698 2957 AGP
724 2912 815 2955 cdd
842 2912 847 2970 Ι
875 2913 963 2969 γὰρ
995 2912 1069 2955 ἀεὶ
1098 2911 1215 2966 πρὸς
1245 2913 1291 2955 Β
