2026 3168
678 110 905 174 LissANn
936 127 1277 173 ORATIONES
1723 129 1828 182 201

147 268 413 334 ρονόμον,
475 264 505 317 ὃ
560 266 659 318 τὸν
714 267 937 335 φθόνον
998 267 1208 334 ἤγειρε,
1271 266 1472 318 δώσειν
1532 262 1593 318 δὲ
1648 268 1833 335 φίλοις

146 353 237 407 καὶ
276 354 343 408 οὐ
383 355 569 423 φίλοις
608 350 761 407 εἶπεν
799 352 966 407 ἔνδον
1005 354 1107 407 οὐκ
1146 354 1371 422 ὀλίγοις,
1411 353 1472 406 ἐν
1511 346 1594 416 οἷς
1631 349 1702 421 ἥν
1741 355 1832 407 καὶ

146 442 456 512 δυσμένεια.
523 444 615 495 καὶ
652 444 855 512 χρυσὸς
891 441 983 496 καὶ
1023 444 1264 512 ἄργυρος
1303 441 1363 495 έν
1402 451 1517 505 τοῖς
1555 443 1831 513 γράμμασι

147 533 509 602 διερριπτεῖτο
547 533 738 600 πολύς,
775 530 922 600 ἥξων
965 530 1051 584 ἐπὶ
1097 532 1346 600 κεφαλὴν
1392 530 1552 600 ε’μήν·
1598 533 1834 600 χρήστας

148 620 249 686 μὲν
309 621 412 690 γὰρ
475 619 653 673 ἐδόκει
714 619 1161 674 καταλελοιπέναι
1221 621 1535 690 χρημάτων,
1596 628 1710 683 τοῖς
1771 617 1832 673 δὲ
1880 641 1900 674 5

145 708 354 779 ὑπῆρχε
398 712 747 779 πολλαχόθεν
795 709 1090 778 ἀντειπεῖν,
1136 709 1228 762 καὶ
1273 705 1344 777 ἥν
1386 708 1626 777 ὀνόματα
1665 717 1834 762 ταῦτα

146 807 338 868 χρεῶν,
386 799 453 851 οὐ
488 797 495 869 Ι
529 797 674 869 χρέα.
751 798 873 851 276.
926 797 1034 866 ἐγὼ
1077 794 1179 864 μὲν
1217 793 1322 851 οὗν
1359 799 1460 866 τὴν
1499 796 1738 867 ἐμαυτοῦ
1769 811 1811 854 R
1837 813 1921 854 165

145 889 518 957 πορευόμενος
577 887 668 940 καὶ
722 888 832 956 ἅμα
893 893 991 940 τοῦ
1053 887 1370 957 πράγματος
1428 893 1835 956 παραινοῦντος

146 978 360 1045 χαίρειν
398 975 546 1048 ᾤμην
586 978 706 1029 δεῖν
743 976 842 1029 τὸν
879 979 1087 1046 κλῆρον
1127 974 1241 1044 ε’ᾶν,
1282 976 1334 1028 οἱ
1375 972 1436 1028 δὲ
1469 976 1835 1044 σεμνολογοῦ-

147 1083 305 1131 μενοι
356 1067 581 1127 πλείους
634 1067 790 1127 ὄντες
841 1063 933 1117 καὶ
985 1066 1361 1135 πιθανώτεροι
1423 1063 1730 1133 στένοντες,
1786 1066 1834 1118 εἰ
1859 1087 1902 1119 10

148 1154 337 1220 ἄτιμος
368 1152 662 1222 Ὀλύμπιος
699 1156 937 1206 κείσεται
976 1155 1254 1222 φυγόντος
1290 1152 1423 1222 ἐμοῦ
1463 1155 1523 1206 τό
1563 1173 1621 1207 τε
1660 1156 1836 1221 ὄνομα

148 1245 209 1296 τό
256 1261 314 1295 τε
361 1244 540 1314 ἔργον.
615 1243 706 1296 καὶ
752 1250 968 1313 προσῆν
1016 1263 1099 1305 τις
1143 1241 1297 1306 ἐλπὶς
1344 1237 1489 1296 εἷναί
1531 1262 1583 1295 τι
1623 1241 1685 1295 ἐν
1722 1251 1837 1306 τοῖς

150 1332 510 1399 δανείσμασιν
551 1332 799 1401 ἰσχυρόν,
839 1326 909 1398 ἧν
949 1328 1009 1384 δὲ
1049 1328 1218 1384 οὐδὲν
1258 1331 1522 1400 οὐδαμοῦ.
1583 1331 1707 1384 277.
1746 1330 1836 1398 {pe

148 1422 322 1487 βαίνω
361 1423 556 1473 τοίνυν
592 1421 670 1483 εἰς
699 1421 799 1489 τὴν
830 1420 1034 1490 πυράν,
1064 1421 1155 1473 καὶ
1193 1423 1337 1473 πολὺ
1368 1421 1429 1473 τὸ
1463 1418 1672 1489 ξυροῦν
1701 1418 1830 1473 καθ’

148 1508 355 1578 ἡμέραν
401 1508 639 1580 ἐπέρρει,
687 1510 777 1562 καὶ
827 1508 1215 1573 ἐξεπεπτώκειν
1263 1509 1325 1562 δὲ
1375 1519 1486 1562 τῶν
1533 1509 1681 1579 ὅρων
1725 1518 1837 1562 τῶν
1863 1530 1904 1563 15

150 1597 387 1667 ἐμαυτοῦ
421 1599 720 1668 διατρίβων
743 1595 843 1665 μὲν
875 1598 977 1651 οὐκ
1001 1597 1062 1651 ἐν
1093 1596 1243 1665 ἐμοῖς
1267 1600 1504 1668 χωρίοις,
1537 1599 1836 1668 διατρίβων

150 1687 211 1741 δὲ
262 1686 322 1740 ἐν
372 1686 698 1757 ἀλλοτρίοις,
744 1688 932 1754 λόγοις
981 1686 1298 1756 εὐχομένοις
1332 1685 1338 1758 Ι
1375 1687 1634 1749 δικαστὰς
1683 1685 1745 1739 ἐν
1775 1699 1817 1742 R
1842 1704 1926 1743 166

151 1776 299 1828 αἰδοῖ
343 1777 445 1844 τὴν
494 1775 666 1843 Θέμιν
711 1777 874 1844 ἔχειν,
921 1776 1011 1828 καὶ
1049 1777 1226 1828 πολλὰ
1263 1783 1435 1828 ταῦτα
1472 1777 1538 1828 τὰ
1577 1776 1680 1829 οὐκ
1718 1774 1837 1844 ἐμά,

270 1940 295 1979 9
329 1935 458 1980 Dem.
493 1935 551 1979 de
582 1935 684 1980 fals.
717 1935 806 1993 leg.
842 1940 866 1989 ἓ
893 1940 977 1979 255
1010 1951 1054 1992 p.
1081 1940 1182 1990 421,
1211 1939 1264 1980 19

272 2087 325 2126 10
358 2082 408 2126 αἱ
439 2083 627 2140 μετοχαὶ
658 2084 764 2127 ἀντὶ
797 2083 1036 2140 ὀνομάτων
1063 2084 1107 2127 V

273 2265 295 2302 1
331 2231 496 2304 &goslv
522 2262 567 2304 P
595 2231 729 2305 63²⁶?ss
753 2261 798 2304 Β
831 2259 963 2306 δόσιν
987 2261 1031 2305 L
1058 2262 1064 2317 Ι
1094 2260 1143 2305 δὲ
1169 2260 1333 2317 scripsi
1351 2263 1538 2305 auctore
1555 2261 1623 2304 Re
1646 2260 1787 2303 Anim

151 2335 198 2362 τε
230 2319 340 2362 libri
373 2319 463 2363 edd
601 2325 626 2362 2
661 2320 710 2364 ἐκ
740 2327 831 2364 τῶν
871 2319 1008 2364 ἔνδον
1049 2319 1154 2364 coni
1191 2320 1259 2363 Re
1298 2335 1410 2363 num
1450 2317 1549 2365 εἷπε
1591 2319 1794 2363 τᾶνδονῗ
1831 2319 1835 2377 Ι

154 2378 312 2436 ἔνδον]
345 2378 395 2422 ἐν
428 2375 475 2423 δ’
503 2378 547 2422 L
575 2381 581 2436 Ι
610 2379 659 2423 ἐν
700 2375 770 2430 οἷς
807 2373 883 2436 ἦν]
919 2379 1030 2435 ἐνῆν
1057 2380 1101 2422 L
1223 2383 1248 2422 3
1293 2377 1539 2436 ἐνδομενία
1570 2377 1840 2422 MSohmidt

152 2436 318 2482 Philol.
343 2437 384 2480 X
411 2442 492 2481 611
609 2443 636 2481 4
674 2435 797 2494 ἥξων
837 2437 1002 2494 scripsi
1091 2435 1219 2494 ἥξειν
1244 2437 1353 2482 libri
1392 2441 1485 2495 (om
1515 2440 1560 2483 L
1590 2438 1640 2482 in
1670 2438 1846 2482 lacuna

155 2501 180 2539 5
212 2496 492 2554 litterarum)
531 2497 622 2540 edd
698 2495 869 2553 μέλλων
902 2495 1028 2553 ἥξειν
1058 2497 1127 2541 Re
1277 2502 1302 2540 6
1338 2497 1454 2548 ’ἴσως
1486 2495 1691 2554 ὀνόματα
1730 2497 1841 2540 Fen·

153 2555 202 2598 in
233 2569 367 2613 marg
396 2555 498 2599 Mor
527 2556 596 2600 Re
658 2555 806 2612 ὄνομα
837 2556 946 2599 libri
977 2556 1088 2600 Fen·
1114 2558 1121 2613 Ι
1147 2557 1311 2614 ταῦτα]
1345 2564 1436 2601 τῶν
1469 2558 1513 2601 L
1622 2561 1646 2599 9
1681 2570 1839 2612 σεμνο-

154 2614 426 2670 λογούμενοι
457 2616 501 2659 L
607 2632 662 2672 γρ
701 2616 812 2659 Ferr
850 2615 898 2658 in
937 2628 1070 2672 marg
1107 2615 1210 2659 Mor
1246 2615 1315 2660 Re
1417 2614 1839 2673 σεμνολογουμένου

159 2702 284 2746 CPB
296 2703 344 2757 V,
391 2703 440 2746 in
487 2718 578 2760 quo
626 2703 768 2747 schol.
811 2717 1037 2760 suprascr.
1086 2703 1197 2759 ἐμοῦ
1244 2677 1326 2760 δῆ,
1356 2704 1586 2760 probante
1625 2702 1782 2747 Gasda

159 2765 213 2802 10
238 2759 409 2806 στένων
435 2763 479 2807 L
561 2767 615 2806 12
647 2762 699 2807 τό
730 2779 778 2807 τε
811 2763 946 2820 ἔργον
976 2760 1029 2807 τό
1060 2778 1107 2807 τε
1139 2761 1286 2820 ὄνομα
1317 2765 1360 2807 L
1435 2761 1487 2807 τό
1519 2778 1567 2807 τε
1598 2761 1746 2818 ὄνομα
1778 2761 1841 2805 Ρ3

155 2819 204 2862 in
230 2833 363 2876 marg
397 2824 403 2875 Ι
436 2837 484 2865 τε
516 2823 559 2866 L
587 2822 592 2879 Ι
622 2821 671 2866 ἐν
701 2822 812 2864 Ferr
842 2822 891 2865 in
915 2834 1049 2878 marg
1135 2826 1188 2865 14
1212 2822 1295 2878 ξυρ
1320 2823 1471 2866 οῦν-13
1532 2820 1726 2875 συρρέον
1753 2822 1795 2864 V

157 2878 380 2932 ξυστροῦν
411 2879 478 2923 Re
510 2880 650 2923 Anim
677 2881 683 2938 Ι
710 2879 986 2937 καθημέραν
1020 2881 1119 2924 BV
1227 2886 1281 2924 17
1322 2894 1503 2925 comma
1542 2882 1650 2924 ante
1688 2877 1841 2937 λόγοις

155 2937 291 2993 posui
318 2941 324 2994 Ι
353 2935 598 2995 εὐχόμενος
626 2939 728 2983 Mor
850 2945 903 2984 18
934 2946 1127 2983 τοιαῦτα
1160 2939 1250 2982 edd
