2026 3168
169 119 240 171 90
709 119 936 163 LIBANH
968 119 1309 164 ORATIONES

169 255 338 323 δημος
381 253 539 324 μέχρι
585 263 696 308 τῶν
735 254 915 325 ὅρκων
954 253 1261 324 ἑτηρούμην
1299 255 1328 308 ὁ
1369 257 1569 326 Σύρος.
1637 256 1855 324 ὀμωμο-
1928 303 1932 308 .
1989 235 1992 239 ¹

167 345 287 396 κότι
331 343 392 396 δὲ
429 344 532 411 ἤδη
575 352 690 406 τοῖς
729 351 1003 413 παροῦσιν
1042 343 1344 413 ἀγαπήσειν
1386 344 1595 413 ἀνοίγει
1636 364 1719 408 τις
1749 346 1853 414 τὴν

167 432 369 502 θύραν,
417 433 506 484 καὶ
544 433 836 502 ἠκροώμην
877 439 977 484 τοῦ
1022 428 1123 500 μὲν
1169 432 1342 495 εὐθὺς
1382 431 1443 486 ἐν
1481 431 1626 496 τάξει
1672 439 1852 502 μαθη-

167 528 285 588 τοῦ,
324 529 445 573 τοῖν
484 521 648 573 δυοῖν
687 517 747 573 δὲ
783 521 917 573 κατὰ
947 522 1121 587 νόμον
1151 521 1219 590 δὴ
1250 521 1349 573 τὸν
1378 531 1489 574 τῶν
1521 520 1851 586 ἐπιδείξεων.

124 628 145 661 5
174 610 253 661 17.
287 609 377 662 καὶ
401 609 429 662 ὁ
454 606 556 677 μὲν
578 611 770 678 κρότος
792 610 964 671 πολὺς
990 610 1068 671 εἰς
1097 609 1309 677 ἀπάτην
1338 619 1450 662 τῶν
1480 612 1600 663 τότε
1631 620 1852 681 πρῶτον

168 696 485 766 γευομένων
524 696 884 767 ἐγειρόμενος,
933 696 1038 765 ἐγὼ
1089 698 1150 750 δὲ
1188 696 1518 767 ᾐσθανόμην
1557 697 1635 752 ἐπ’
1684 696 1853 752 οὐδὲν

169 787 371 853 σεμνὸν
403 785 706 854 ἀφιγμένος
741 792 837 853 τῆς
868 785 1035 855 ἀρχῆς
1072 795 1184 839 τῶν
1215 785 1359 839 νέων
1389 785 1479 839 ὑπ’
1520 786 1744 858 ἀνδρῶν
1783 788 1851 841 οὐ

167 876 309 927 πολύ
354 895 406 926 τι
446 874 588 927 νέων
628 875 1007 945 διαφερόντων
1046 874 1407 944 ἡρπασμένης.
1483 876 1575 928 καὶ
1617 874 1854 930 ἐδόκουν

81 976 123 1019 R
142 980 194 1018 15
227 964 295 1031 δὴ
326 967 660 1032 πλημμελεῖν
698 983 756 1015 τε
787 965 865 1026 εἰς
895 964 991 1026 τὰς
1015 962 1255 1032 Ἀθήνας
1291 963 1296 1035 ξ
1338 964 1430 1017 καὶ
1464 965 1625 1032 δίκην
1656 966 1853 1033 ὅφλειν

103 1074 146 1105 10
169 1051 290 1120 οὐχὶ
328 1052 628 1120 θαυμάζων
667 1054 798 1114 τοὺς
836 1053 1117 1122 ἄρχοντας.
1194 1054 1352 1122 μόλις
1399 1048 1502 1106 οὖν
1541 1054 1643 1121 τὴν
1681 1052 1856 1124 ὀργὴν

168 1142 531 1209 καταπραῦνω
565 1142 724 1209 σφίσι
765 1147 892 1210 σιγῇ
934 1144 1114 1210 φήσας
1145 1142 1467 1210 θαυμάζειν,
1499 1142 1852 1195 κεκωλύσθαι

168 1230 271 1298 γὰρ
318 1229 424 1282 ὑπὸ
470 1235 583 1282 τῶν
629 1230 954 1299 νοσημάτων
999 1231 1100 1299 τὴν
1145 1232 1306 1300 βοήν,
1362 1229 1736 1300 δεικνυμένων
1791 1227 1853 1283 δὲ

168 1318 270 1386 ἤδη
318 1327 430 1371 τῶν
469 1317 615 1387 ἐμῶν
662 1320 722 1371 ἔκ
759 1338 818 1372 τε
855 1321 1210 1388 γραμματίων
1254 1320 1345 1372 καὶ
1394 1321 1569 1382 ἄλλως
1616 1321 1763 1382 εἰκός
1800 1338 1854 1371 τι

169 1412 372 1459 παθεῖν
411 1405 643 1460 ἐδόκουν
685 1406 807 1476 οὐχὶ
847 1408 1154 1476 θαυμάσας.

103 1516 146 1549 15
284 1495 366 1547 18.
420 1495 546 1548 Κάν
576 1503 691 1558 τοῖς
723 1495 1030 1566 εἰρημένοις
1070 1497 1137 1565 δὴ
1177 1497 1393 1559 τούτοις
1426 1495 1580 1560 ἄξιον
1611 1495 1856 1559 ἐξετάσαι

168 1584 269 1652 τὴν
314 1585 468 1636 θεόν.
545 1585 754 1658 οὐκοῦν
800 1586 855 1637 αἱ
908 1585 1009 1654 μὲν
1054 1587 1211 1638 νόσοι
1257 1586 1347 1638 καὶ
1394 1586 1454 1637 τὸ
1504 1586 1684 1654 ὥσπερ
1730 1582 1850 1637 κατ’

170 1670 434 1742 ἐμπορίαν
471 1676 810 1726 πεπλευκότα
848 1676 1058 1743 χείροσι
1094 1681 1190 1741 τῆς
1228 1672 1449 1736 ἐλπίδος
1487 1672 1743 1742 ὁμιλῆσαι
1775 1676 1858 1725 λι-

170 1759 293 1828 μέσι
334 1759 501 1824 δόξαν
539 1761 640 1828 μὲν
679 1763 868 1831 ἔχουσι
906 1765 1254 1831 θαυμαστήν,
1297 1771 1492 1831 πεῖραν
1539 1758 1600 1814 δὲ
1639 1762 1705 1814 οὐ
1744 1780 1856 1814 τοι-

173 1845 346 1917 αύτην
385 1849 539 1902 τουτὶ
578 1846 680 1918 μὲν
719 1850 821 1902 οὐκ
861 1850 1126 1919 εὐτυχοῦς
1174 1849 1493 1921 ἀνθρώπου,
1541 1851 1601 1902 τὸ
1649 1846 1710 1902 δὲ
1747 1869 1858 1919 χει-

106 1961 149 1992 20
171 1946 311 2005 μῶνι
350 1934 451 2005 μὲν
498 1935 664 1990 οὐδὲν
709 1938 1064 2010 χαλεπωτέρῳ
1111 1937 1317 2010 θέρους
1363 1941 1675 2010 χρήσασθαι
1721 1938 1857 2007 πρὸς

291 2088 316 2125 3
348 2083 463 2126 Eun.
495 2083 525 2126 l.
559 2083 587 2125 1.
621 2082 923 2141 (Διόφαντος)
956 2083 1080 2128 Suid.
1115 2099 1147 2127 s.
1180 2099 1220 2127 v.
1254 2083 1478 2141 Λιβάνιος
1567 2088 1595 2126 4
1626 2083 1740 2125 Eun.
1768 2081 1798 2124 1.
1823 2081 1856 2126 l.

171 2139 466 2199 (Ἐπιφάνιος
495 2142 575 2186 καὶ
605 2141 929 2200 Προαιρέσιος)

175 2274 350 2318 Sievers
383 2275 554 2330 (Leben
579 2275 658 2318 des
683 2274 781 2318 Lib.
808 2290 852 2330 p.
879 2277 972 2328 46),
1006 2275 1264 2327 Rauschen‚
1291 2272 1853 2317 Griechisoh-Romisohes

176 2333 468 2377 Sohulwesen
520 2348 600 2376 zur
647 2334 748 2378 Zeit
794 2334 874 2376 des
922 2334 1250 2390 ausgehenden
1295 2333 1600 2376 Heidentums
1649 2331 1853 2387 (Bonnae

177 2394 307 2447 1901)
346 2407 390 2448 p.
425 2397 500 2446 80,
547 2393 604 2436 de
642 2393 933 2436 Aristomene
972 2393 1306 2436 Messeniorum
1345 2392 1461 2434 duce
1502 2390 1646 2435 Cobet
1683 2390 1851 2433 Mnem.

173 2451 229 2493 N.
265 2450 306 2493 S.
338 2451 402 2494 ΠΙ
431 2456 528 2504 247,
568 2452 754 2507 utrique
792 2452 926 2495 male.
1068 2457 1090 2494 1
1126 2451 1150 2495 ὁ
1184 2451 1337 2507 Σύρος
1368 2450 1454 2507 ἐγὼ
1485 2450 1596 2492 Fen·
1633 2449 1684 2492 in
1722 2461 1822 2492 mar

174 2509 399 2565 Wyttenb
431 2526 475 2565 p.
503 2514 558 2553 86
585 2509 729 2554 Cobet
770 2510 775 2568 Ι
826 2509 1084 2566 ὁμωμοκότι
1114 2511 1263 2554 ΑΡΒ
1294 2509 1396 2552 Mor
1425 2509 1493 2552 Re
1625 2513 1649 2551 2
1682 2507 1789 2564 ἤδη]
1822 2464 1856 2563 Ξ

175 2568 265 2623 μὴν
299 2567 455 2623 Cobet,
487 2569 684 2613 fortasse
714 2571 839 2612 recte
873 2570 878 2626 Ι
912 2567 982 2620 τίς
1007 2571 1090 2614 VB
1210 2573 1238 2611 4
1271 2568 1328 2624 δὴ
1359 2568 1440 2611 τὸν
1472 2568 1595 2611 inser
1626 2566 1693 2610 A2
1727 2567 1733 2622 Ι
1770 2566 1853 2610 τὸν

176 2641 251 2670 om
276 2627 319 2670 L
433 2631 455 2669 7
490 2625 572 2670 ὑπ’
601 2629 785 2683 ἀνδρῶν
817 2629 941 2671 inser
971 2627 1040 2672 Α2
1145 2631 1170 2669 8
1203 2614 1587 2682 ὃιαφερόντωξῑ
1686 2629 1711 2667 9
1739 2627 1855 2681 πλη-

176 2688 324 2741 μελεῖν
349 2686 392 2728 L
417 2687 465 2728 et
487 2685 536 2728 in
560 2689 833 2743 πλημμελεῖν
859 2700 971 2730 corr.
999 2686 1062 2730 Vs
1152 2690 1203 2728 11
1238 2685 1578 2740 καταπραύνων
1603 2684 1646 2726 L
1674 2685 1679 2741 Ι
1710 2699 1852 2727 κεκω-

175 2747 377 2787 λῦσθαιὶ)
493 2749 545 2786 13
578 2743 897 2801 γραμματείων
930 2745 1021 2788 edd
1113 2743 1258 2787 ἄλλων
1290 2744 1400 2786 Ferr
1430 2744 1479 2786 in
1511 2756 1645 2799 marg
1675 2742 1772 2785 Mor

178 2808 232 2846 15
264 2803 368 2846 Κάν
400 2803 514 2861 τοῖς]
548 2803 597 2847 ἐν
628 2811 725 2853 τοῖς
754 2803 1022 2846 MSehmidt
1090 2802 1217 2846 hilol.
1244 2802 1285 2844 X
1310 2806 1395 2845 614
1424 2802 1428 2860 Ι
1463 2802 1514 2845 δὲ
1540 2803 1585 2846 Ρ
1616 2801 1701 2845 edd
1769 2800 1852 2857 μὲν

176 2861 446 2904 MSchmidt
536 2866 590 2904 18
623 2860 765 2914 δόξαν
796 2888 854 2894 -
884 2862 1103 2918 τοιαύτην
1135 2862 1251 2904 citat
1280 2861 1398 2904 Plan
1428 2860 1495 2903 fol
1528 2865 1580 2903 21
1619 2863 1624 2917 Ι
1667 2859 1745 2916 μὲν
1777 2873 1855 2902 om

176 2920 294 2963 Plan
401 2924 453 2963 19
486 2920 631 2978 τουτὶ]
664 2921 744 2964 καὶ
774 2921 902 2964 τουτὶ
929 2921 974 2964 L
