2026 3168
683 170 912 216 LIBANII
942 167 1285 215 ORATIONES
1724 170 1829 223 133

150 323 305 371 νους·
344 305 479 360 ἀλλ’
520 308 580 359 εἰ
614 308 866 376 βούλει,
899 308 1023 376 ἔφη,
1054 311 1297 375 μαθεῖν
1327 315 1455 359 τῶν
1486 306 1830 370 διψώντων

145 397 215 450 τὸ
252 399 522 464 πλῆθος,
561 395 852 466 ὅρμησον
899 395 1004 448 ἐπί
1045 414 1106 447 τι
1151 404 1280 447 τῶν
1327 396 1534 464 ἱερῶν.
1612 394 1715 462 ἐγὼ
1768 392 1829 448 δὲ

144 492 308 538 τοῦτο
348 484 449 553 μὲν
489 484 592 553 οὐχ
626 484 890 537 ὑπακούω
927 490 1005 555 τῷ
1043 482 1281 554 γέροντι,
1312 493 1424 535 τῶν
1456 483 1735 553 ἀγοραίων
1766 483 1833 536 δέ

144 591 269 625 τινα
305 575 644 642 μεταστήσας
682 573 880 626 ἄλλοσε
918 580 1014 640 τῆς
1052 575 1339 634 συνοικίας
1376 573 1616 640 καταβὰς
1663 572 1828 635 αὐτὸς

145 660 319 714 ἐκεῖσε
358 661 643 731 ἐκαθήμην
681 662 879 726 ψαύων
916 669 1011 730 τῆς
1050 660 1271 731 ἀγορᾶς,
1310 659 1402 713 καὶ
1440 658 1642 730 ἔδρασέ
1674 680 1726 713 τι
1766 661 1827 713 τὸ
1875 681 1895 714 ⁵

143 753 349 820 χωρίον
384 749 809 820 προστεθέντων
839 742 924 813 οἷς
962 747 1106 818 ἔφην
1138 751 1261 820 ἄρτι
1299 751 1575 802 πλειόνων
1606 749 1639 818 ἢ
1671 747 1830 817 <δὶς>

143 839 428 892 τοσούτων
463 837 622 907 νέων,
661 840 722 892 τὸ
762 841 1054 892 Μουσεῖον
1094 835 1155 891 δὲ
1192 847 1303 891 τῶν
1342 838 1525 890 ἄλλων
1562 834 1649 906 ἧν,
1690 838 1830 908 ρ”οπὴ

142 937 260 990 τοῖς
305 929 495 997 ἔχουσι
540 928 762 996 μεγάλη.
840 926 980 995 λέγω
1029 928 1097 995 δὴ
1143 928 1281 997 πρὸς
1334 927 1436 995 τὴν
1489 928 1831 995 Καλλιόπην,

144 1016 228 1069 ὅτι
276 1012 317 1068 ὦ
362 1020 656 1069 Μουσῶν
699 1013 816 1085 μὲν
862 1015 1119 1086 ἀρίστη,
1165 1016 1283 1084 τὴν
1327 1017 1523 1068 πόλιν
1571 1012 1639 1067 δὲ
1678 1015 1832 1084 ἡμῖν

143 1105 416 1173 ἄγουσα,
456 1107 656 1158 τίνων
693 1106 933 1168 ταύτας
980 1106 1058 1157 σὺ
1104 1105 1350 1174 πράττῃ
1399 1105 1606 1173 δίκας,
1655 1106 1719 1156 τί
1758 1123 1829 1173 με
1856 1126 1899 1157 ιο

144 1192 474 1258 έδελέαζες
519 1190 682 1247 οὖσα
726 1196 906 1263 θεός,
951 1196 1017 1246 τί
1059 1203 1184 1245 τῶν
1229 1193 1347 1262 μὲν
1394 1191 1717 1262 ἐξέβαλες,
1755 1193 1830 1245 τὰ

143 1279 212 1335 δὲ
243 1282 570 1353 οὐΙδίδως;
608 1280 739 1334 ἀλλ’
780 1281 810 1335 ὁ
850 1279 966 1351 μὲν
1002 1282 1342 1350 ἠπατηκὼς
1379 1288 1619 1352 τρυφᾷ,
1652 1282 1766 1335 τὸν
1797 1295 1917 1338 R72

142 1369 547 1439 ἠδικημένον
579 1367 648 1423 δὲ
680 1369 1169 1441 ἀπερριμμένον
1198 1377 1533 1440 περιορᾷς,
1577 1370 1695 1423 103.
1721 1389 1832 1423 τοι-

144 1466 283 1511 αῦτα
321 1455 424 1528 μὲν
461 1459 601 1529 πρὸς
637 1460 700 1512 τὸ
740 1458 866 1522 ἕδος
902 1461 1202 1529 πόρρωθεν
1241 1458 1346 1511 ἀπὸ
1384 1467 1480 1528 τῆς
1518 1467 1682 1521 στοᾶς
1722 1460 1830 1512 διε-

143 1546 368 1617 λέχθην,
406 1546 632 1617 ἡμέραις
673 1545 734 1600 δὲ
773 1548 839 1600 οὐ
879 1551 1108 1610 πολλαῖς
1144 1548 1381 1617 ὕστερον
1411 1546 1518 1616 ἐγὼ
1550 1545 1651 1617 μὲν
1682 1553 1827 1601 οἴκοι
1855 1567 1896 1602 15

142 1655 196 1688 τι
250 1639 566 1705 καθήμενος
618 1635 1045 1707 ἐδημιούργουν,
1108 1637 1212 1705 βοὴ
1269 1634 1317 1689 δ’
1374 1637 1465 1689 οἵα
1510 1635 1707 1705 γίνοιτ’
1765 1635 1835 1689 ἂν

143 1722 197 1788 ἐξ
244 1726 412 1794 ὄχλου
460 1727 650 1794 νόμων
698 1726 1109 1796 ὑπερορῶντος,
1162 1724 1530 1796 προσέβαλεν,
1586 1727 1723 1779 ὥστε
1768 1745 1834 1795 με

144 1815 418 1881 στήσαντα
456 1814 558 1882 τὴν
596 1823 767 1883 χεῖρα,
805 1816 863 1867 τί
898 1815 960 1867 τὸ
992 1822 1164 1867 ταῦτα
1197 1822 1415 1882 ποιοῦν,
1454 1813 1582 1884 παρ’
1623 1815 1837 1887 ἐμαυτῷ

144 1910 391 1954 σκοπεῖν·
446 1900 508 1954 ἐν
561 1903 738 1974 τούτῳ
794 1899 856 1955 δὲ
911 1904 1071 1965 ὄντος
1122 1902 1330 1970 ἀναβὰς
1385 1902 1554 1971 οὑμὸς
1607 1901 1832 1966 ἀνεψιὸς

144 1988 473 2059 ἀσθμαίνων
518 1991 616 2043 τὸν
659 1991 762 2057 μὲν
811 1992 1051 2061 ἄρχοντα
1091 1992 1196 2060 ἔφη
1244 1996 1522 2044 τεθνεῶτα
1564 1990 1824 2044 ἕλκεσθαι
1851 2013 1895 2044 20

143 2079 373 2131 παιδιὰν
410 2078 763 2147 ποιουμένων
802 2088 914 2132 τῶν
958 2080 1293 2132 κτεινάντων
1339 2080 1438 2132 τὸν
1475 2081 1691 2150 νεκρόν,
1723 2080 1835 2133 Εὔ-

146 2169 359 2236 βουλον
397 2167 459 2220 δὲ
498 2169 606 2220 σὺν
642 2174 717 2240 τῷ
749 2166 906 2220 παιδὶ
944 2169 1168 2240 δρασμῷ
1201 2170 1333 2231 τοὺς
1368 2167 1596 2221 ἐκείνων
1634 2169 1835 2238 διαφυ-

146 2257 317 2324 γόντα
354 2258 557 2318 λίθους
596 2257 676 2319 εἰς
715 2255 864 2326 ὀρῶν
901 2274 996 2309 ποι
1038 2257 1290 2327 κορυφὰς
1337 2256 1666 2327 ἀναφυγεῖν,
1703 2259 1835 2320 τοὺς

264 2420 289 2459 9
330 2416 437 2460 Hes.
470 2416 625 2474 theog.
661 2420 715 2459 79
756 2415 813 2460 cf.
846 2418 879 2459 t.
912 2415 976 2459 ΠΙ
1007 2420 1107 2471 336,
1140 2419 1179 2460 8.
1213 2415 1234 2459 Ι
1264 2421 1364 2471 480,
1399 2422 1425 2462 6
1456 2418 1499 2461 R
1627 2422 1684 2460 20
1721 2415 1835 2462 Θεό-

145 2477 281 2530 φιλον
315 2474 370 2518 cf.
403 2475 773 2530 t.164511R
811 2475 1172 2529 Amm.XsV7‚
1208 2479 1233 2519 6
1364 2482 1417 2520 21
1451 2476 1780 2530 t.1494,1R
1848 2480 1853 2483 ’

263 2627 288 2664 3
327 2629 464 2668 τοῦτο
505 2623 671 2680 scripsi
710 2637 815 2667 cum
849 2622 1006 2667 Grasda
1094 2623 1241 2683 τούτῳ
1278 2623 1389 2667 libri
1428 2623 1520 2668 edd
1678 2629 1704 2668 6
1745 2624 1832 2680 ἔφη

143 2682 187 2725 L
214 2683 220 2738 Ι
259 2681 334 2731 δὶς
362 2682 536 2726 inserui
568 2696 674 2726 cum
706 2681 878 2727 Cobeto
911 2682 1079 2725 Mnem.
1111 2681 1175 2724 111
1207 2669 1292 2726 ’249
1326 2682 1429 2726 coll.
1463 2696 1521 2739 ep
1527 2688 1654 2727 .407
1696 2683 1746 2728 ἐν
1779 2684 1833 2727 οὐ

142 2742 333 2791 πολλαῖς
362 2739 555 2796 ἡμέραις
584 2741 873 2796 πεντήκοντα
904 2740 1023 2785 νέων
1054 2736 1112 2796 ἦν
1153 2740 1177 2784 ὁ
1216 2740 1354 2799 χορός
1506 2747 1558 2786 11
1602 2740 1833 2800 ἐξέβαλλες

144 2800 191 2843 Β
284 2803 338 2842 13
369 2799 652 2856 ἠμελημένον
684 2801 735 2844 δὲ
769 2801 848 2844 καὶ
879 2798 1261 2856 περιερριμμένον
1285 2801 1387 2844 Mor
1481 2806 1535 2844 14
1567 2799 1734 2858 διειλέχ
1735 2803 1803 2858 θη
1806 2818 1832 2844 ν

152 2857 235 2901 VL
260 2859 308 2900 et
331 2859 404 2915 (ex
428 2858 706 2918 διειλέχθειν
731 2862 848 2916 corr)
869 2859 932 2904 0²
957 2861 1004 2902 et
1019 2859 1130 2902 Ferr
1153 2859 1255 2903 Mor
1342 2865 1395 2904 16
1419 2857 1463 2903 τί
1488 2860 1587 2904 BV
1595 2861 1615 2933 Ι
1643 2860 1695 2904 δὲ
1716 2861 1796 2904 VL
1826 2862 1830 2917 Ι

142 2914 314 3019 γένοιῖ
350 2918 452 2962 BV
475 2918 577 2963 Mor
607 2919 675 2962 Re
810 2923 863 2962 17
894 2916 1204 2976 προσέβαλλεν
1232 2919 1314 2963 VL
1438 2923 1492 2962 18
1524 2918 1755 2974 στήσαντά
1787 2935 1834 2962 τε

142 2991 227 3032 την
