2026 3168
641 109 867 154 LIBAN'II
898 109 1237 155 ORATIONES
1707 108 1778 162 39

104 256 147 302 et
171 246 251 301 VI
277 267 314 299 ‘a
342 250 485 299 Frid.
517 251 722 298 Morello
760 252 862 299 iam
892 251 1067 307 editae,
1105 251 1188 299 secl
1206 248 1426 299 'mameae
1457 252 1499 303 et
1528 253 1780 310 corruptae

101 341 232 381 nwnc
268 339 442 373 rursus
481 339 537 373 ex
573 326 755 385 inteyro
795 325 903 373 bibl.
940 325 1319 373 Vindobonensis
1365 319 1647 384 exemplari,
1669 357 1671 359 ·
1695 318 1781 372 ad*-

101 402 268 448 {macta
305 399 462 451 latina
499 400 728 459 versione,
768 413 888 447 cura
922 402 965 447 et
1000 399 1170 447 studio<
1190 398 1385 446 Nicolai
1422 412 1455 445 a
1484 398 1713 445 Forlosia
1723 391 1779 463 1).

101 473 258 521 Paulo
303 474 416 534 post
463 465 614 538 (anno
658 465 823 538 1762)
872 471 1086 520 codicem
1124 464 1368 519 tractavit
1413 472 1781 532 orationemque

102 547 156 595 in
193 546 407 594 Icarium
445 545 710 595 secundam
749 561 808 593 ex
846 561 902 593 eo
942 545 1200 608 descripsit
1236 545 1446 594 Ioannes
1468 544 1781 606 Theophilus

105 620 219 669 Gob
230 636 288 667 er
310 619 509 668 Reiskio
543 634 740 667 suasore
763 635 876 667 mox
901 619 1135 680 editurus,
1163 619 1248 668 sed
1277 619 1535 680 quominus
1559 617 1781 681 proposi-

101 697 209 742 tum
237 696 580 755 exsequeretur
602 694 753 741 variis
779 693 937 741 causis
968 693 1247 754 impeditus.
1253 686 1294 759 2)
1342 692 1486 740 Anno
1511 692 1612 740 fere
1641 689 1779 740 1865

102 768 319 817 codicem
368 767 581 823 contulit
628 769 678 814 et
717 767 778 814 ad
821 767 972 815 verba
1010 767 1209 815 Libanii
1246 766 1550 815 emendanda
1590 766 1782 814 duabus

102 841 600 894 commentationibus
654 841 762 902 „Zu
819 838 1088 889 Libanios“
1160 839 1479 889 Cervimontii
1534 840 1672 888 1868
1734 842 1784 887 et

101 915 298 963 Lubani
341 916 482 963 1870
522 914 665 962 editis
703 914 958 978 Augustus
991 913 1184 963 Gasda
1224 915 1462 962 adhibuit.
1532 908 1785 962 Lacunam

100 991 154 1038 in
193 989 414 1038 oratione
453 985 574 1054 ὑπὲρ
613 995 710 1036 τῶν
749 988 892 1054 ἱερῶν
938 1005 995 1037 ex
1045 990 1149 1036 eius
1197 989 1483 1052 apographo
1536 989 1785 1050 supplevit

101 1063 367 1112 Mauritius
409 1061 630 1110 Schmidt
669 1062 844 1110 Philol.
876 1062 1018 1110 XXII
1055 1079 1102 1124 p.
1140 1063 1313 1110 175—
1325 1065 1444 1110 177.
1507 1060 1578 1110 Of.
1617 1078 1664 1124 p.
1702 1062 1783 1156 18.

101 1138 208 1202 Ego
241 1139 403 1185 totum
441 1137 656 1184 codicem
693 1136 949 1185 Rostochii
987 1152 1115 1184 anno
1159 1137 1298 1185 1879
1340 1137 1540 1184 excussi.
1710 1171 1715 1174 .

216 1212 261 1258 6.
304 1209 466 1258 Codex
496 1210 943 1258 Laurentianus
977 1210 1118 1258 LVII
1151 1211 1220 1258 20
1261 1203 1356 1276 (=
1388 1203 1469 1277 L),
1508 1209 1593 1271 qui
1625 1209 1782 1257 cuius-

102 1300 220 1332 nam
264 1284 435 1345 fuerit‚
480 1285 768 1346 priusquam
805 1284 1154 1333 bibliothecam
1192 1283 1575 1331 Laurentianam
1623 1280 1785 1346 ingre*-

103 1358 316 1419 deretur,
361 1358 634 1421 ignoratur,
679 1360 737 1405 ut
774 1374 834 1406 ne
873 1357 1000 1405 illud
1039 1358 1238 1420 quidem
1285 1359 1415 1406 certo
1465 1357 1561 1405 dici
1606 1357 1786 1419 potest,

101 1435 269 1481 utrum
306 1431 437 1479 idem
475 1434 541 1480 sit
581 1434 728 1493 atque
773 1431 816 1480 is
863 1434 949 1494 qui
993 1433 1047 1479 in
1091 1431 1253 1479 indice
1290 1431 1618 1480 bibliothecae
1657 1430 1785 1478 Lau-

102 1506 251 1554 rentii
288 1505 491 1554 Medicis
546 1498 607 1572 (†
650 1499 826 1573 1492)>
868 1523 892 1553 e
938 1505 1121 1554 codice.
1146 1505 1526 1569 Vaticanogr-
1564 1506 1703 1553 1412
1758 1520 1787 1552 a

102 1581 161 1630 K.
200 1579 259 1627 K.
299 1580 536 1627 Muellero
577 1579 707 1628 edito
720 1573 762 1646 3)
804 1581 1027 1643 signatus
1067 1582 1141 1628 est
1168 1579 1261 1628 fol.
1297 1578 1392 1628 37v
1433 1580 1462 1627 6
1503 1584 1591 1627 τοῦ
1610 1576 1784 1627 ἀὐτοῦ

104 1646 378 1721 (λιβανίου)
410 1652 544 1718 λόγοι
575 1649 954 1718 β<αμβυκινόν>
986 1654 1123 1702 an-is
1155 1653 1241 1715 qui
1271 1653 1455 1700 ibidem
1486 1653 1572 1701 fol.
1601 1654 1697 1700 41ν
1717 1654 1780 1700 11

105 1727 328 1776 affertur:
377 1733 464 1775 τοῦ
504 1725 656 1776 αὐτοῦ
695 1726 843 1793 λόγοι.
915 1727 1011 1776 Sed
1047 1727 1099 1774 in
1136 1743 1234 1775 uno
1272 1743 1297 1775 e
1337 1727 1564 1775 claustris
1606 1726 1786 1774 montis

104 1801 257 1850 Athoi
296 1818 406 1849 eum
444 1802 595 1849 fuisse
634 1801 898 1849 admodum
942 1801 1198 1863 probabile
1245 1803 1342 1862 est,
1388 1801 1631 1863 siquidem
1678 1815 1788 1847 cum

106 1875 269 1923 codice
309 1875 491 1923 saeculi
528 1874 651 1922 XIII
697 1875 782 1936 qui
832 1874 1112 1923 etiamnunc
1160 1875 1213 1921 in
1258 1874 1558 1922 bibliotheca
1595 1873 1788 1921 Laurae

102 1949 159 1996 ’.Ω
196 1950 298 1996 123
339 1942 411 2015 (n.
446 1942 537 2014 36)
579 1951 804 1997 servatur
842 1950 950 1996 arto
990 1949 1297 2011 cognationis
1335 1940 1532 1996 vinculo
1573 1957 1783 1995 conexus

107 2025 193 2070 est.
259 2020 554 2070 Chartaceus
592 2022 778 2071 formae
811 2024 1016 2084 quartae
1048 2021 1259 2085 scriptus
1291 2022 1485 2071 saeculo
1517 2022 1609 2068 XV
1639 2021 1785 2069 tineis

108 2112 165 2144 ac
202 2096 417 2144 madore·
440 2097 748 2158 potissimum
788 2096 841 2143 in
878 2095 1050 2158 primis
1090 2095 1223 2143 foliis
1261 2096 1474 2143 multum
1502 2095 1787 2143 detrimenti

106 2185 280 2233 passus
320 2173 408 2217 est.
485 2170 638 2218 Foliis
675 2172 774 2219 191
818 2171 1108 2218 continetur.

216 2243 412 2291 Folium
447 2246 472 2291 1
510 2259 606 2305 quo
633 2238 927 2308 Ἀντιοχικός
957 2243 1146 2305 incipit,
1178 2243 1494 2306 inscriptione
1528 2244 1673 2290 caret.
1729 2242 1787 2289 In

107 2319 329 2382 margine
360 2319 576 2380 positum
608 2320 682 2366 est
711 2333 861 2364 manu
891 2317 1083 2365 librarii
1113 2313 1172 2365 α’.
1220 2317 1356 2365 Inter
1385 2317 1559 2366 folium
1594 2319 1620 2363 1
1658 2315 1788 2379 quod

110 2391 288 2439 desinit
318 2391 479 2439 verbis
519 2389 676 2456 ὥσπερ
715 2397 812 2438 τῶν
846 2384 893 2457 (Ι
928 2393 1047 2452 279,
1083 2392 1147 2439 16
1181 2384 1265 2458 R),
1305 2394 1355 2439 et
1388 2394 1417 2439 2
1452 2390 1583 2453 quod
1612 2389 1790 2452 incipit

108 2464 270 2514 verbis
310 2461 362 2513 δὲ
400 2461 519 2528 ἡμῖν
559 2458 705 2532 (284,
742 2458 849 2530 16),
887 2481 1039 2512 unum
1077 2465 1252 2512 folium
1292 2465 1485 2513 excidit.
1844 2467 1849 2471 ⁴

105 2563 108 2566 ’
220 2554 303 2600 fol.
343 2555 406 2601 17
448 2555 542 2601 inc.
582 2551 879 2619 Σωκράτους
917 2550 1154 2618 ἀπολογία
1192 2553 1224 2618 β

230 2740 274 2854 2)
305 2738 374 2840 15?
377 2736 1096 2853 llsszlsztsssLBalffiggcwcgnlssmffllss
1109 2736 1174 2852 lp.
1201 2799 1286 2839 683
1311 2796 1405 2839 not
1434 2799 1471 2839 1.
1508 2800 1590 2839 322
1617 2810 1661 2852 p.
1689 2799 1789 2839 690.

111 2859 198 2899 323
229 2870 273 2911 p.
301 2859 399 2898 697.
434 2860 518 2899 335
549 2870 593 2911 p
622 2860 718 2899 713.
754 2859 839 2899 394
870 2870 914 2911 p.
942 2859 1039 2899 805
1075 2859 1177 2899 398
1189 2869 1235 2911 p.
1261 2859 1359 2899 812.

233 2915 275 2970 3)
309 2913 618 2958 Centralblatt
647 2913 722 2965 fiir
752 2913 1197 2958 Bibliothekswesen
1228 2913 1248 2956 I
1280 2918 1365 2957 373
1391 2914 1438 2957 et
1463 2917 1560 2957 378
