2026 3168
208 144 312 197 170
745 145 972 189 LIBANII
1004 145 1344 191 ORATIONES

202 281 301 334 τὸν
346 281 516 333 ἵππον
562 282 766 351 ἔρρωτό
817 300 874 333 τε
919 279 1010 332 καὶ
1058 283 1262 350 ἤλαυνε
1307 281 1398 335 καὶ
1446 285 1742 350 λαβόμενος
1791 292 1886 353 τῆς

203 371 462 437 κλίμακος
496 367 583 421 ἐπὶ
614 371 895 439 τραύματα
926 372 1054 432 τοὺς
1087 369 1296 433 οἰκέτας
1327 373 1558 425 ἔταττεν.
1610 372 1729 425 192.
1763 371 1878 425 ἀλλ’

113 470 156 513 R
178 475 260 514 123
295 459 437 524 ὅμως
469 458 521 510 οἱ
553 459 945 520 κολακεύοντες
974 459 1063 510 καὶ
1097 458 1167 520 ὣς
1199 454 1340 526 ἦσαν
1369 462 1595 523 κόλακες
1626 459 1716 513 καὶ
1737 459 1742 531 Ι
1765 460 1887 529 ἐφε-

203 547 441 613 νάκιζον,
481 545 638 615 μέχρι
678 547 745 614 δὴ
784 547 875 599 καὶ
915 544 995 599 ἐπ’
1043 547 1244 609 αὐτοὺς
1279 547 1520 611 ἐκείνους
1550 551 1886 617 τραπόμενος

160 656 179 688 5
205 635 466 704 ἐχρήσατο
506 633 597 687 καὶ
637 634 883 688 ἐνταῦθα
922 643 985 705 τῇ
1026 637 1208 705 φύσει,
1249 636 1384 688 ὥστε
1433 635 1525 689 καὶ
1573 638 1688 689 οἵδε
1729 651 1886 690 συνε-

203 725 420 793 χώρουν
459 719 602 776 εἶναι
643 724 959 793 ἀνθρώπων
991 727 1242 791 Σαβῖνον
1274 724 1626 794 ἀδικώτατον,
1659 727 1748 778 καὶ
1781 733 1887 779 νῦν

203 813 407 866 ταύτὸν
439 812 542 865 ἀπὸ
571 813 811 881 γλώττης
844 813 1054 882 ἁπάσης
1087 812 1202 866 ε’στὶ
1235 816 1531 881 λεγόμενον
1561 820 1886 882 νενικῆσθαι

202 902 302 954 τὸν
339 901 686 970 Εὐρύβατον.
764 903 972 955 οὐκοῦν
1019 895 1102 964 οἷς
1151 902 1361 971 ὀφείλει
1402 904 1563 970 δίκην
1601 906 1758 969 μείζω
1800 902 1884 955 δέ-

203 991 344 1042 δωκε
383 997 490 1043 νῦν
527 989 560 1057 ἢ
602 991 650 1042 εἰ
689 989 986 1058 ἐτεθνήκει.
1063 993 1460 1060 ποθεινότερον
1500 992 1602 1060 γὰρ
1643 992 1789 1059 παρά
1826 1011 1886 1059 γε

137 1099 179 1132 10
205 1077 358 1150 ὀρθῷ
391 1086 547 1149 κριτῇ
588 1077 769 1147 μηκέτ’
816 1075 957 1132 εἶναι
996 1078 1028 1146 ἢ
1071 1083 1166 1147 ζῆν
1205 1078 1266 1132 ἐν
1305 1079 1592 1132 ὀνείδεσιν.
1662 1078 1778 1132 ἀλλ’
1819 1081 1886 1132 οὐ

202 1169 427 1239 Σαβίνῳ
475 1187 536 1234 γε
587 1169 754 1236 φαίης
800 1169 882 1220 ἄν.
964 1168 1082 1220 193.
1139 1169 1347 1221 οὐκοῦν
1392 1168 1482 1221 καὶ
1529 1175 1691 1220 τοῦτο
1747 1169 1886 1236 δίκη.

201 1255 332 1325 χθές
378 1277 459 1318 τις
506 1252 600 1324 ἧκε
648 1258 979 1325 στρατιώτης
1026 1258 1310 1326 γράμματα
1347 1255 1614 1324 βασιλέως
1651 1258 1887 1323 κομίζων

203 1344 338 1414 ὀργῇ
391 1346 575 1415 δικαίᾳ
623 1344 984 1414 γεγραμμένα,
1035 1344 1127 1398 καὶ
1179 1341 1249 1414 ἦν
1299 1344 1361 1399 ἐν
1409 1353 1525 1407 τοῖς
1575 1345 1887 1414 γράμμασιν

201 1433 397 1500 ἄτιμόν
445 1453 503 1486 τε
553 1434 725 1487 αὐτὸν
779 1431 921 1487 εἶναι
971 1433 1060 1487 καὶ
1113 1434 1368 1488 ἀποτῖσαι
1422 1434 1731 1500 διπλάσιον,
1787 1441 1885 1486 τοῦ

135 1542 177 1575 15
202 1523 421 1592 πρώτου
478 1519 538 1574 δὲ
594 1522 935 1589 αἰσθομένου
989 1526 1229 1586 πολλοὺς
1291 1522 1496 1576 εἰδέναι
1558 1525 1887 1590 ποιήσαντος

111 1623 153 1666 R
175 1627 259 1666 124
282 1609 456 1679 ἡδονὴ
477 1610 482 1681 Ι
502 1612 711 1679 μισθὸν
736 1610 908 1664 ε’ποίει
937 1618 1011 1683 τῷ
1030 1613 1349 1682 στρατιώτῃ,
1372 1610 1461 1664 καὶ
1486 1607 1555 1679 ἦν
1589 1611 1888 1680 εὐεργέτης.

205 1698 323 1752 194.
372 1702 533 1752 τοῦτό
571 1720 665 1767 μοι
704 1705 925 1753 πολλῶν
965 1702 1088 1768 δίκη
1128 1700 1636 1770 παραμυθουμένου
1675 1720 1739 1767 με
1785 1708 1884 1752 τοῦ

202 1788 475 1855 δαίμονος.
549 1789 639 1842 καὶ
677 1797 842 1842 τοῦτο
882 1787 983 1859 μὲν
1023 1789 1144 1843 ἀντὶ
1186 1799 1298 1842 τῶν
1346 1791 1423 1851 εἰς
1468 1790 1567 1842 τὸν
1612 1788 1743 1856 ἐμὸν
1785 1786 1886 1855 μὲν

202 1876 433 1941 ἀνεψιὸν
479 1877 682 1946 ἕνεκεν,
730 1878 901 1932 αὐτοῦ
954 1875 1015 1931 δὲ
1060 1880 1347 1947 κηδεστήν,
1400 1878 1466 1931 ὃν
1515 1876 1729 1945 ἐξέβαλε
1775 1887 1886 1930 τῶν

322 2072 343 2110 1
368 2067 508 2111 Arist.
527 2068 643 2112 Ran.
660 2072 758 2111 618.
777 2068 849 2112 Fr.
868 2081 981 2111 com.
999 2067 1063 2111 IV
1074 2072 1127 2111 67
1146 2083 1190 2124 p.
1205 2073 1287 2111 622
1302 2068 1362 2111 M.
1381 2068 1444 2110 III
1459 2083 1503 2124 p.
1523 2071 1608 2111 488
1626 2071 1765 2111 n.422
1784 2067 1825 2110 K

201 2131 226 2169 8
258 2126 387 2170 Dem.
423 2140 511 2170 cor.
546 2132 570 2180 ἓ
597 2132 654 2171 24
684 2142 728 2183 p.
757 2131 855 2180 233,
883 2132 921 2170 8.
957 2126 1083 2170 Suid.
1118 2142 1151 2171 s.
1184 2142 1223 2169 v.
1259 2128 1372 2182 Εὐρ.
1507 2131 1531 2169 9
1564 2126 1671 2170 Her.
1703 2126 1767 2169 111
1800 2130 1882 2170 160

323 2307 348 2344 3
382 2303 443 2354 ὡς
474 2303 565 2347 edd
670 2308 698 2346 4
730 2304 933 2355 ἐκεῖνοςῖ
1017 2308 1042 2346 6
1076 2303 1333 2359 ἄνθρωπον
1365 2305 1409 2347 L
1517 2307 1539 2345 7
1573 2303 1772 2359 γλώσσης
1801 2303 1846 2345 Β
1876 2302 1880 2359 Ι

201 2360 384 2417 ἁπάσης
408 2362 518 2419 ἐστὶ]
554 2363 675 2407 ἔστιν
700 2362 883 2418 ἁπάσης
906 2365 949 2407 L
1041 2367 1065 2406 9
1099 2361 1339 2417 ἐτεθνήκει
1371 2362 1452 2405 sed
1477 2361 1498 2405 ἐ
1529 2374 1753 2417 suprapos
1779 2362 1823 2404 B

199 2419 418 2474 τεθνήκει
439 2421 610 2476 reliqui
633 2421 743 2465 libri
771 2423 776 2479 Ι
803 2419 1136 2477 ποθεινότερον
1162 2421 1325 2477 scripsi
1378 2418 1639 2474 δεινότερον
1664 2419 1773 2462 libri
1827 2420 1881 2463 οὐ

202 2476 464 2534 δεινότερον
490 2481 595 2524 coni
619 2481 720 2524 Mor
773 2480 1070 2536 αἱρετώτερον
1094 2480 1167 2523 vel
1190 2478 1372 2524 εὐκτότε
1404 2496 1456 2523 ον
1481 2478 1749 2521 MSchmidt
1773 2478 1882 2520 Phi-

201 2537 277 2581 lol.
303 2537 344 2580 X
371 2543 454 2581 612
571 2543 624 2582 10
657 2543 737 2595 ζῆν
771 2540 819 2584 ἐν
852 2538 1077 2584 ὀνείδεσιν
1108 2536 1136 2594 ἢ
1169 2536 1326 2595 μηκέτ’
1355 2497 1476 2582 εἷναι
1507 2537 1579 2580 vel
1608 2545 1690 2580 τοῦ
1722 2535 1878 2594 μηκέτ’

203 2591 323 2640 εἶναι
353 2597 405 2640 τὸ
437 2601 518 2652 ζῆν
550 2599 601 2642 ἐν
633 2598 699 2642 ὀν.
734 2599 801 2642 Re
833 2598 974 2641 Anim
1126 2603 1178 2640 12
1217 2614 1287 2648 τις
1317 2611 1391 2640 om
1422 2597 1552 2656 Fer}⁷
1564 2596 1661 2650 (sed
1702 2596 1794 2639 add
1832 2596 1882 2639 in

201 2657 349 2710 marg)
383 2657 430 2698 et
459 2656 528 2699 Re
556 2657 561 2714 Ι
590 2654 690 2712 ἥκει
714 2659 757 2701 L
865 2662 917 2700 13
951 2658 1030 2701 καὶ
1053 2683 1110 2689 —-
1134 2655 1412 2712 γράμμασιν]
1449 2655 1497 2699 ἐν
1529 2652 1597 2704 οἷς
1629 2653 1880 2711 ἐγέγραπτο

202 2731 256 2770 γρ
288 2714 390 2757 Mor
420 2714 469 2757 in
492 2729 627 2772 marg
718 2720 772 2758 14
805 2716 948 2759 αὐτὸν
975 2715 1138 2771 scripsi
1162 2727 1187 2757 e
1211 2716 1256 2758 B
1288 2716 1475 2757 auctore
1500 2714 1567 2757 Re
1630 2711 1688 2757 αὖ
1713 2713 1881 2770 reliqui

201 2772 310 2815 libri
343 2773 432 2816 edd
461 2773 467 2831 Ι
501 2774 582 2817 καὶ
614 2771 672 2817 αὖ
705 2773 923 2818 ἀποτίσαι
949 2777 991 2819 L
1053 2771 1270 2817 ἀποτῖσαι
1300 2773 1411 2816 libri
1442 2773 1532 2815 edd
1655 2777 1707 2816 16
1733 2773 1881 2829 ἡδονὴ

203 2831 367 2887 scripsi
391 2846 496 2876 cum
514 2831 669 2876 Gasda
729 2833 907 2889 ἡδονὴν
935 2833 1043 2876 libri
1068 2833 1148 2876 sed
1173 2849 1199 2876 ν
1217 2845 1399 2875 erasum
1423 2831 1471 2874 in
1484 2832 1533 2885 V,
1559 2831 1649 2874 edd
1724 2836 1776 2874 18
1802 2832 1882 2874 καὶ

203 2903 278 2933 om
306 2891 386 2935 VL
420 2891 426 2949 Ι
469 2897 581 2946 „aut
612 2892 717 2936 ἀντὶ
748 2898 830 2936 aut
862 2891 1016 2936 ἕνεκεν
1052 2891 1319 2935 delendum“
1349 2891 1436 2942 Re,
1477 2890 1707 2946 posterius
1747 2903 1880 2946 prae-

201 2948 389 2992 tulerim
417 2952 422 3006 Ι
458 2967 492 2993 ω
517 2950 564 2993 in
589 2957 679 2994 τῶν
711 2951 760 2993 in
792 2964 866 2994 ras
898 2950 970 2994 Ρ2
1004 2954 1009 3006 Ι
1048 2949 1131 3006 μὲν
1162 2949 1334 2992 inserui
1366 2963 1390 2992 e
1419 2950 1498 2993 VL
