2026 3168
686 123 915 167 LIBANII
946 121 1288 168 ORATIONES
1726 123 1831 176 153

160 259 186 277 P!

151 278 185 326 η
231 278 297 328 με
342 261 548 327 πολλῆς
591 277 649 311 τε
695 260 784 311 καὶ
831 261 1055 329 βαρείας
1099 257 1488 327 ἠλευθέρωσεν
1535 258 1709 327 ἀνίας,
1764 259 1836 322 ὡς

150 355 246 416 τῆς
285 347 452 415 αὐτῆς
496 346 699 417 ἡμέρας
744 349 1004 416 τελευτὴν
1037 348 1043 415 Ι
1078 344 1180 416 μὲν
1219 346 1363 415 ἐμοί,
1400 350 1673 417 πτωχείαν
1712 347 1774 400 δὲ
1804 359 1923 403 R98

153 434 341 506 ἐκείνῳ
381 436 483 504 τὴν
522 435 753 504 ἐσχάτην
792 436 1066 505 οἰσούσης.

266 523 385 577 146.
430 522 588 576 Ἀλλὰ
633 525 742 594 μὴν
787 527 851 578 τό
891 544 953 593 γε
991 523 1233 595 ἐχθρούς
1270 555 1342 561 —
1382 525 1474 577 καὶ
1511 527 1585 594 μή
1624 544 1690 594 με
1729 523 1835 577 οἰέ-

153 617 274 664 σθω
314 631 397 675 τις
435 614 538 681 τὴν
571 611 807 682 Ὁμήρου
848 614 1172 683 συμβουλὴν
1202 615 1568 683 παραβαίνειν
1599 614 1700 682 τὴν
1732 613 1833 666 οὐκ
1881 633 1900 666 5

150 699 557 770 ἐπιτρέπουσαν
620 701 722 754 ἐπὶ
790 701 1138 771 κταμένοις
1200 701 1520 772 ἀνδράσιν
1575 702 1837 771 εὐχετά-

151 794 378 858 ασθαι,
433 790 500 843 οὐ
557 792 662 860 γὰρ
717 791 823 844 ἀπὸ
878 791 1132 859 τοιαύτης
1187 809 1248 859 γε
1298 792 1691 860 μνησθήσομαι
1743 798 1838 859 τῆς

150 879 387 946 γνώμης,
427 877 544 931 ἀλλ’
593 879 739 942 ὅπως
776 879 914 948 μηδὲ
951 878 1100 932 τοῦτ’
1146 880 1388 949 ἄρρητον
1432 885 1514 948 εἴη
1553 888 1666 932 τῶν
1703 877 1829 949 παρ’

150 964 359 1034 ἐκείνης
400 967 714 1036 δεδομένων
752 999 825 1005 —
865 969 917 1020 οἱ
955 969 1150 1020 τοίνυν
1197 965 1282 1020 ἐπ’
1326 966 1419 1037 ἐμὲ
1460 968 1698 1036 μηδενὸς
1734 965 1838 1035 μὲν

150 1056 340 1123 λόγου,
394 1056 631 1124 μηδενὸς
685 1053 745 1108 δὲ
800 1059 984 1126 ἔργου,
1037 1057 1302 1125 μηδεμιᾶς
1357 1053 1418 1109 δὲ
1469 1055 1835 1126 ἀποσχόμενοι
1860 1077 1903 1110 10

150 1142 358 1212 τέχνης,
399 1142 516 1197 ἀλλ’
565 1145 617 1197 οἱ
657 1145 758 1213 μὲν
796 1144 1035 1198 ὀνείδεσι
1074 1146 1428 1214 περιβάλλειν
1459 1145 1707 1215 ἀποχρῆν
1745 1165 1837 1198 νο-

150 1235 431 1301 μίσαντες,
480 1235 534 1286 οἱ
580 1231 640 1286 δὲ
685 1242 797 1286 πᾶν
839 1235 1061 1303 μικρόν,
1109 1235 1156 1286 εἰ
1195 1234 1267 1301 μὴ
1307 1234 1398 1286 καὶ
1438 1233 1837 1302 ἀποκτείναιεν,

151 1321 204 1373 οἱ
251 1321 312 1373 δὲ
359 1314 442 1384 οἷς
487 1316 558 1388 ἧν
602 1321 709 1390 ἡδὺ
749 1322 840 1374 καὶ
878 1323 1086 1391 ταύρου
1126 1322 1226 1375 τὸν
1263 1322 1464 1392 νεκρὸν
1503 1321 1838 1391 ἐκδήσαντας

150 1408 371 1477 ἀφεῖναι
404 1410 496 1462 διὰ
530 1407 536 1480 Ι
571 1420 787 1479 πετρῶν
826 1409 1116 1480 φέρεσθαι,
1155 1411 1390 1472 τούτους
1427 1413 1622 1464 τοίνυν
1645 1413 1774 1473 τοὺς
1804 1423 1846 1466 R
1867 1426 1922 1466 99

149 1497 318 1550 πάλαι
363 1495 465 1567 μὲν
511 1503 905 1568 πολεμοῦντας,
954 1498 1207 1566 ἐγκαλεῖν
1252 1496 1314 1551 δὲ
1357 1495 1525 1552 οὐδὲν
1563 1500 1670 1552 σὺν
1708 1498 1837 1568 ἀλη-
1862 1519 1903 1552 15

148 1589 280 1656 θείᾳ
332 1606 395 1654 γε
447 1584 675 1656 ἔχοντας
729 1580 1149 1657 προαπήνεγκεν
1208 1588 1236 1641 ὁ
1293 1588 1506 1657 δαίμων
1557 1587 1714 1656 ἡμῶν
1775 1608 1837 1657 γε

150 1674 536 1744 ἡσυχαζόντων
574 1677 665 1728 καὶ
705 1674 825 1728 οὐδ’
865 1676 1001 1729 ὅσον
1033 1676 1191 1746 ἀραῖς
1222 1675 1608 1745 ἀμυνομένων·
1648 1679 1706 1729 τί
1732 1678 1835 1747 γὰρ

153 1764 220 1831 δὴ
260 1765 373 1816 ε”δει
411 1770 757 1835 καταρᾶσθαι
795 1765 974 1817 πάντα
1018 1764 1379 1834 ἐπισταμένου
1419 1772 1519 1818 τοῦ
1558 1767 1837 1835 δαίμονος,

150 1852 248 1904 τὸν
287 1851 604 1922 ἀδικοῦντα,
643 1854 743 1906 τὸν
774 1853 1158 1923 ἀδικούμενον,
1199 1855 1300 1907 τὸν
1332 1853 1629 1922 ὀφείλοντα
1659 1855 1837 1923 δίκην,

151 1934 195 2011 ᾧ
242 1941 343 2008 τὴν
382 1941 544 2009 δίκην
592 1943 841 2011 ὤφειλεν.
922 1942 1042 1994 147.
1096 1939 1167 2010 ἦν
1222 1941 1288 1994 δέ
1337 1961 1389 1994 τι
1439 1940 1530 1994 καὶ
1580 1943 1687 2012 πρὸ
1737 1950 1837 1996 τοῦ
1862 1963 1906 1995 20

150 2029 402 2082 θανάτου
441 2039 557 2092 τοῖς
594 2034 822 2092 πολλοῖς
860 2031 1110 2083 θανάτου
1147 2031 1294 2100 παρά
1332 2049 1393 2098 γε
1426 2032 1714 2101 σώφροσιν
1744 2031 1839 2084 ἀν-

151 2119 402 2187 θρώποις
463 2119 780 2188 δεινότερον
841 2119 902 2171 τὸ
958 2120 1135 2172 πολλὰ
1188 2120 1325 2171 κακὰ
1380 2118 1670 2182 ἐπιδόντας
1724 2115 1840 2172 εἶτα

153 2206 326 2269 οὕτως
373 2207 661 2260 ἀπελθεῖν·
711 2202 790 2260 ὧν
836 2206 897 2260 ἕν
945 2228 999 2260 τι
1048 2208 1139 2260 καὶ
1189 2208 1250 2261 τὸ
1301 2216 1412 2260 τῶν
1463 2208 1694 2260 αἰδοίων
1739 2215 1837 2261 τοῦ

151 2303 349 2364 μοιχοῦ
391 2297 702 2364 λαβόμενον
741 2303 804 2365 τῇ
846 2294 986 2365 χειρὶ
1026 2294 1172 2367 ξυρῷ
1211 2297 1276 2348 τὰ
1315 2296 1494 2348 πάντα
1533 2295 1748 2365 ἀμῆσαι.

273 2446 297 2484 6
333 2440 414 2484 od.
449 2458 475 2498 χ
500 2445 585 2484 412
688 2446 740 2485 11
773 2440 902 2484 Dem.
930 2455 966 2484 0.
991 2440 1185 2485 Androt.
1212 2445 1267 2485 63
1299 2457 1344 2498 p.
1372 2445 1470 2496 613,
1498 2445 1544 2495 23
1578 2455 1614 2484 c.
1641 2441 1854 2485 Timocrs

157 2504 238 2543 127
271 2515 315 2557 p.
344 2504 443 2553 740,
470 2504 525 2543 23
649 2505 703 2543 22
734 2499 785 2543 Il.
820 2518 845 2558 χ
872 2505 925 2543 61

273 2636 298 2675 5
329 2630 400 2683 τίς
425 2633 469 2677 V
582 2637 608 2676 8
641 2633 691 2676 δὲ
725 2632 774 2675 in
806 2632 919 2688 μηδὲ
952 2632 1001 2675 in
1032 2645 1107 2676 ras
1138 2632 1210 2677 ΡΞ
1249 2633 1254 2690 Ι
1292 2639 1428 2677 τοῦτο
1460 2634 1504 2677 L
1626 2637 1678 2676 11
1713 2648 1840 2688 περι-

155 2691 312 2747 βαλεῖν
344 2693 388 2735 L
449 2692 670 2750 ἀποχρῶν
701 2693 837 2736 ΑΡΒ
962 2696 1014 2734 12
1047 2691 1108 2747 μὴ
1139 2692 1219 2735 καὶ
1252 2691 1417 2748 scripsi
1444 2705 1549 2735 cum
1574 2690 1730 2736 Gasda
1761 2692 1840 2735 καὶ

155 2748 214 2804 μὴ
238 2748 349 2792 libri
373 2764 397 2794 e
434 2751 464 2793 d
492 2751 496 2809 Ι
525 2749 841 2795 ἀποκτείνειεν
858 2750 1137 2795 AGPVedd
1189 2748 1510 2795 ἀποκτείνοιεν
1527 2752 1573 2795 Β
1626 2748 1840 2795 ἀποκτεί-

156 2825 184 2851 ν
238 2823 288 2851 εν
312 2809 356 2852 L
447 2814 503 2852 14
528 2809 772 2865 ἐφεῖναιΑ
800 2812 805 2867 Ι
834 2809 951 2853 κατὰ
978 2808 1133 2853 Gasda
1225 2814 1278 2853 16
1304 2825 1354 2867 γε
1379 2823 1453 2853 om
1475 2810 1518 2852 V
1602 2814 1656 2853 18
1681 2809 1740 2866 δὴ
1765 2823 1840 2853 om

156 2867 202 2909 B
323 2871 378 2910 23
412 2863 495 2925 ὧν]
530 2868 590 2919 ὡς
620 2869 664 2912 L
698 2872 704 2925 Ι
741 2867 879 2926 ὄσχου
911 2867 1181 2912 MSchmidt
1209 2868 1377 2912 Philol.
1410 2868 1451 2911 X
1485 2872 1568 2911 615
1697 2873 1753 2912 24
1783 2875 1838 2926 τῇ

156 2925 273 2982 χειρὶ
305 2925 559 2984 λαβόμενον
579 2927 660 2971 VL
688 2927 693 2985 Ι
721 2927 896 2984 ἀμῆσαι
927 2929 970 2971 L
1033 2926 1205 2983 ἀμῆσαι
1235 2927 1404 2984 reliqui
1431 2927 1540 2970 libri
1573 2927 1663 2970 edd
