2026 3168
693 107 919 152 LIBANII
952 106 1292 151 ORATIONES
1732 106 1836 159 103

152 266 236 310 τις
281 247 494 315 βιαίων,
542 245 591 297 εἰ
636 242 833 297 πολλοὶ
880 252 1040 312 σφῶν
1086 241 1274 314 ἐρῷεν,
1324 242 1497 305 οὕτως
1536 240 1656 295 οὐδ’
1702 242 1735 310 ἡ
1778 241 1837 295 ἐν

156 338 338 404 λόγοις
377 334 491 403 ὥρα
528 334 589 386 τὸ
629 341 723 401 τῆς
761 333 1091 402 μαγνήτιδος
1129 332 1442 400 πράττουσα
1481 331 1728 402 πονηρὸν
1767 330 1838 384 ἂν

155 425 253 478 τὸν
289 421 494 492 πατέρα
531 429 627 490 τῆς
666 422 808 492 ὥρας
849 420 1072 490 ἐλέγξαι.

264 511 348 564 39.
392 512 737 580 Οἰμώττουσι
778 511 845 580 δὴ
882 519 996 573 τοῖς
1035 505 1140 563 ὧδε
1182 508 1585 578 πεπραγμένοις
1624 512 1834 579 ἔρχεται

153 600 464 670 Βημάρχιος
504 601 784 669 σύμμαχος
821 600 952 667 μηνὶ
991 598 1220 670 ἑβδόμῳ,
1261 599 1404 667 μάλα
1444 599 1511 666 δὴ
1549 599 1648 651 τὸν
1679 601 1837 650 Κων-
1884 618 1903 651 5

150 684 413 743 ’στάντιον
473 687 688 758 ᾑρηκὼς
748 688 885 758 ἀνὴρ
939 688 1029 740 καὶ
1090 697 1202 741 τῶν
1261 687 1385 757 περὶ
1441 686 1655 740 ἐκεῖνον
1707 688 1835 748 τοὺς

148 777 429 847 ’ἀμυήτους
489 779 648 850 ψόφῳ
705 797 763 830 τε
815 778 904 830 καὶ
950 777 1137 848 κτύπῳ
1192 777 1526 846 παρανόμων
1579 775 1836 846 ῥημάτων

152 864 319 929 δόξαν
358 865 444 919 ἐπὶ
484 868 668 934 λόγοις
707 865 991 935 ῥωμαλέου
1033 865 1217 932 λαβὼν
1257 866 1441 934 φίλοις
1485 883 1544 916 τε
1582 873 1698 927 τοῖς
1738 862 1827 917 ἀπ’

151 954 379 1010 ἐκείνων
413 953 419 1026 Ι
454 954 776 1023 ἐτετείχιστο
815 956 1046 1025 χρόνων,
1081 952 1255 1007 δεινοὶ
1296 955 1402 1024 γὰρ
1435 955 1503 1022 δὴ
1535 954 1590 1006 οἱ
1620 954 1783 1022 κύβοι
1806 966 1848 1008 R
1870 970 1924 1009 31

151 1045 242 1098 καὶ
279 1045 345 1096 τὰ
382 1044 539 1113 μέχρι
577 1043 751 1112 μέθης
790 1045 1067 1113 συμπόσια
1106 1045 1294 1111 φιλίας
1333 1043 1559 1112 ἰσχυρὰς
1593 1042 1833 1111 κεράσαι.
1861 1063 1904 1096 ιο

155 1132 311 1202 διέβη
358 1134 460 1200 μὲν
506 1133 573 1201 δὴ
619 1133 717 1185 τὸν
765 1133 1025 1202 πορθμὸν
1069 1132 1358 1184 κυδιόων
1403 1150 1467 1183 τε
1513 1129 1618 1184 καὶ
1664 1131 1833 1194 ὑψοῦ

151 1223 312 1291 ’κάρη
360 1219 524 1291 ἔχων
570 1223 744 1294 κρότῳ
801 1240 859 1273 τε
914 1220 1214 1290 ἐπηρμένος
1270 1219 1362 1273 καὶ
1408 1213 1490 1283 οἷς
1545 1220 1834 1289 εἰργάσατο

151 1312 412 1381 χρήμασι,
459 1312 628 1378 λόγον
684 1309 781 1364 ἕνα
834 1309 991 1379 μέχρι
1039 1311 1248 1362 Νείλου
1297 1310 1570 1362 δεικνύων
1623 1310 1721 1362 τόν
1778 1327 1835 1361 τε

151 1399 373 1454 ἐναντία
395 1409 511 1462 τοῖς
537 1405 694 1462 θεοῖς
725 1398 1057 1468 τεταγμένον
1089 1398 1450 1466 ἐγκωμιάζων,
1483 1398 1646 1461 αὐτὸς
1675 1398 1837 1451 θύων

149 1495 328 1557 θεοῖς,
376 1488 656 1542 διδάσκων
700 1507 758 1540 τε
803 1489 894 1541 καὶ
940 1488 1325 1557 διηγούμενος,
1373 1480 1497 1541 οἷον
1543 1487 1690 1558 αὐτῷ
1728 1488 1826 1540 τὸν
1866 1508 1907 1542 15

150 1579 294 1631 νεὼν
332 1576 536 1647 ἐγείραι
569 1577 973 1640 Κωνστάντιος.
1045 1576 1199 1646 διέβη
1238 1573 1339 1646 μὲν
1379 1577 1446 1645 δὴ
1484 1577 1729 1646 μειδιῶν,
1766 1577 1838 1639 ὡς

151 1667 220 1735 δὴ
266 1666 495 1728 οὐδενὸς
540 1666 709 1719 αὐτὸν
755 1665 1192 1735 ὑπομενοῦντος,
1241 1664 1357 1718 ἀλλ’
1414 1664 1606 1734 ἀμαχεὶ
1659 1665 1725 1717 τά
1776 1684 1834 1717 τε

150 1755 324 1808 αὑτοῦ
370 1755 732 1823 κομιούμενος
776 1756 867 1808 καὶ
913 1755 1240 1808 καταδύσων
1288 1754 1457 1807 αὐτόν
1502 1773 1559 1806 τε
1607 1750 1698 1820 ἐμὲ
1743 1752 1835 1807 καὶ

152 1843 252 1912 ὅ,τι
291 1841 412 1912 ἐμοὶ
452 1842 724 1896 συνέπνει.
800 1844 887 1897 40.
926 1853 1147 1914 πρῶτον
1185 1843 1287 1912 μὲν
1326 1839 1431 1896 οὖν
1467 1844 1528 1895 τὸ
1564 1844 1836 1912 μηδεμίαν

150 1931 206 1995 ἐς
260 1932 430 1985 αὐτὸν
482 1930 758 1985 ἐπάνοδον
811 1932 1075 2000 γενέσθαι
1127 1941 1241 1985 τῶν
1294 1930 1437 1985 νέων
1498 1932 1687 1984 ὠδύνα
1744 1932 1833 1984 καὶ
1859 1953 1904 1985 20

151 2019 355 2075 ἐκέντει
400 2022 501 2089 τὴν
545 2024 749 2090 ψυχήν·
796 2023 980 2074 ἔπειτα
1026 2020 1161 2090 ἐμοῦ
1218 2022 1386 2089 λόγον
1436 2021 1513 2083 εἰς
1559 2021 1834 2089 σύλλογον

152 2110 539 2178 εἰσαγαγόντος
577 2110 769 2179 παρών
806 2129 863 2163 τε
902 2111 991 2163 καὶ
1024 2109 1370 2180 ἀκροώμενος
1401 2110 1502 2178 οὐχ
1535 2110 1607 2172 ὡς
1637 2110 1834 2178 ἥδιστα

151 2197 391 2267 διετέθη,
430 2208 542 2251 τῶν
580 2202 761 2267 φίλων
800 2198 864 2251 δέ
901 2200 954 2251 οἱ
991 2199 1417 2268 παραινούντων
1455 2200 1699 2268 βροντᾶν
1744 2199 1834 2251 καὶ

271 2392 322 2431 11
356 2388 408 2431 Il.
443 2392 467 2441 ζ
489 2393 586 2432 509.
621 2405 645 2432 o
674 2392 758 2432 266

271 2569 294 2607 1
326 2582 396 2617 τις
426 2579 501 2609 om
534 2566 576 2609 L
618 2567 624 2625 Ι
675 2566 715 2610 εἰ
746 2593 803 2598 -
835 2566 971 2626 ἐρῷεν
1005 2579 1079 2608 om
1110 2565 1227 2609 Plan
1269 2567 1275 2624 Ι
1317 2566 1464 2611 πολλὰ
1494 2567 1537 2610 L
1689 2570 1714 2608 3
1753 2572 1834 2622 τῆς

153 2621 296 2682 ὥρας]
327 2632 425 2676 τοῖς
454 2623 607 2682 λόγοις
637 2625 754 2668 Plan
875 2630 902 2667 4
938 2625 1224 2681 Οἰμώττουσι
1255 2652 1314 2658 —-
1344 2623 1686 2682 πεπραγμένοις
1718 2625 1834 2668 citat

152 2681 310 2726 Thom.
343 2683 404 2727 M.
438 2687 538 2738 268,
563 2688 589 2727 8
630 2699 663 2727 s.
689 2699 728 2727 ν.
763 2684 960 2741 οἰμώζω·
994 2683 1218 2742 Λιβάνιος
1249 2684 1299 2728 ἐν
1330 2688 1394 2743 τῷ
1418 2685 1525 2738 περὶ
1553 2690 1634 2739 τῆς
1665 2684 1831 2728 ἑαυτοῦ

151 2740 308 2798 τύχης·
342 2742 679 2799 οἰμώττουσι
710 2746 799 2786 κτλ.
895 2748 918 2786 7
952 2742 1097 2799 ψήφω
1130 2744 1175 2787 Β
1268 2747 1294 2786 8
1326 2741 1560 2800 ῥωμαλέον
1591 2743 1702 2786 Ferr
1761 2760 1830 2800 γρ.

153 2796 392 2856 ῥωμαλέαν
422 2801 523 2845 Mor
553 2802 602 2844 in
626 2816 759 2859 marg
786 2804 792 2859 Ι
830 2804 937 2858 post
966 2809 1064 2851 τοῖς
1095 2801 1322 2846 excidisse
1354 2809 1537 2859 μιαροῖς
1567 2802 1640 2845 vel
1672 2805 1831 2847 δυσσε-

153 2856 279 2916 βέσιν
306 2859 378 2902 vel
401 2859 566 2912 ἀθέοις
595 2862 734 2916 putat
757 2861 824 2904 Re
855 2861 1163 2917 probabiliter
1255 2865 1309 2904 18
1343 2862 1485 2905 αὐτοῦ
1511 2862 1601 2905 AL
1664 2861 1831 2905 ἑαυτοῦ

153 2917 199 2960 Β
290 2922 345 2960 20
378 2918 442 2968 εἰς
467 2920 536 2977 Vl
580 2920 747 2964 ὠδύνει
780 2920 879 2976 (Sic)
912 2947 969 2952 —
1002 2924 1054 2963 21
1089 2919 1247 2978 ψυχήν
1279 2920 1396 2964 citat
1427 2920 1543 2963 Plan
1575 2919 1640 2964 fol
1673 2925 1725 2963 21
