2026 3168
145 169 253 221 250
685 170 912 213 LIBANII
943 169 1284 214 ORATIONES

52 317 196 361 R183
229 304 314 357 35.
355 304 487 358 ἀλλ’
526 305 600 358 οὐ
639 304 780 375 παρ’
824 304 831 376 Ι
865 305 1019 374 ἡμῖν
1057 313 1269 359 ταῦτα.
1345 305 1487 374 μηδέ
1513 325 1591 374 γε,
1625 303 1666 359 ὦ
1695 310 1821 375 Ζεῦ,

140 393 382 462 γένοιτο,
438 393 555 446 ἀλλ’
602 392 668 446 οὐ
716 401 880 447 τοῦτο
937 394 1022 447 δεῖ
1074 403 1325 462 σκοπεῖν,
1381 389 1448 447 οὗ
1501 402 1672 447 ταῦτα
1721 395 1823 448 οὐκ

141 485 306 550 ἔστιν,
347 479 462 534 ἀλλ’
504 483 604 550 ὅτι,
645 477 712 534 οὗ
751 489 922 535 ταῦτα
960 484 1127 550 ἔστιν,
1169 484 1267 536 ἔνι.
1343 482 1434 535 καὶ
1464 484 1574 551 μὴν
1606 476 1690 546 αἷς
1720 484 1823 552 μὲν

139 580 251 624 τῶν
287 573 509 638 βουλῶν
547 571 580 639 ἡ
620 578 687 639 γῆ
734 571 975 641 πονηρά,
1029 577 1104 642 τῷ
1150 570 1375 640 μεγέθει
1420 581 1531 624 τῶν
1578 574 1823 642 φορτίων

97 680 117 713 5
143 659 491 712 ἀπολώλασιν
538 659 769 722 οὐδενὸς
813 667 909 728 τῆς
953 660 1210 729 τοιαύτης
1259 659 1493 730 ἐρῶντος
1543 668 1641 728 γῆς
1691 661 1822 714 οὐδὲ

140 747 486 817 ὠνουμένου,
534 746 661 817 παρ’
708 741 793 811 οἷς
832 749 894 802 δὲ
932 750 1188 817 βελτίων,
1241 747 1364 802 ἀντὶ
1410 758 1522 802 τῶν
1566 754 1822 819 κεκληρο-

139 839 460 905 νομηκότων
506 835 694 906 ἔχουσι
740 839 870 900 τοὺς
916 839 1187 907 πρίασθαι
1235 837 1580 906 δυναμένους
1625 838 1821 891 δεσπό-

137 945 245 988 τας.
297 922 403 978 εἷθ’
444 927 497 978 οἱ
527 922 629 992 μὲν
667 927 1081 992 πολιτευόμενοι
1119 927 1367 979 ταπεινοὶ
1397 927 1488 979 καὶ
1520 926 1699 994 ὀλίγοι
1731 925 1822 979 καὶ

139 1014 205 1067 οὐ
245 1013 474 1084 πένητες
503 1017 691 1083 μόνον,
733 1013 849 1068 ἀλλ’
888 1016 992 1083 ἤδη
1026 1016 1114 1067 καὶ
1146 1017 1368 1084 πτωχοί,
1408 1015 1462 1068 οἱ
1494 1012 1542 1067 δ’
1576 1015 1677 1068 οὐκ
1709 1009 1814 1067 οἷδ’

71 1123 114 1155 10
139 1104 351 1157 ὁπόθεν
382 1105 742 1173 εἰσπεσόντες,
777 1103 972 1166 θέντες
1002 1106 1181 1174 τιμήν,
1213 1105 1274 1157 τὸ
1306 1105 1410 1174 γὰρ
1444 1100 1646 1172 ἀληθὲς
1676 1105 1821 1173 εἰρή-

139 1206 307 1260 σεται,
345 1202 635 1262 τρυφῶσιν
675 1191 735 1246 ἐν
773 1201 889 1255 τοῖς
927 1191 1170 1261 ἐκείνων,
1211 1193 1264 1245 οἱ
1303 1193 1406 1262 μὲν
1444 1194 1634 1260 οἰκίας,
1675 1193 1727 1245 οὶ
1760 1189 1820 1245 δὲ

137 1280 365 1350 ἀγρούς,
412 1282 464 1334 οἱ
504 1281 566 1334 δὲ
603 1281 885 1351 ἀμφότερα
929 1281 1262 1350 κεκτημένοι.
1340 1281 1425 1333 36.
1476 1281 1564 1334 καὶ
1611 1282 1672 1334 τὸ
1720 1281 1822 1350 μὲν

135 1377 229 1437 τῆς
267 1372 472 1438 βουλῆς
511 1369 719 1439 ἀξίωμα
764 1370 1042 1439 οὐδαμοῦ,
1082 1373 1314 1439 σοβοῦσι
1354 1370 1415 1423 δὲ
1453 1371 1505 1422 οἱ
1546 1367 1692 1432 ξένοι
1730 1370 1821 1422 καὶ

137 1466 426 1527 γαμοῦσιν,
457 1458 612 1527 ἡμεῖς
644 1455 705 1511 δὲ
729 1458 944 1528 ὁρῶμεν
974 1459 1065 1511 καὶ
1097 1460 1538 1525 συνδειπνοῦμεν
1567 1457 1658 1511 καὶ
1690 1471 1821 1511 συν-

70 1567 112 1599 15
137 1549 412 1616 ευχόμεθα
449 1555 635 1617 γῆρας,
675 1548 1000 1615 βουλεύοντι
1036 1547 1102 1600 δὲ
1140 1547 1323 1610 οὐδεὶς
1362 1545 1432 1599 ἂν
1470 1547 1593 1615 δοίη
1626 1549 1818 1616 κόρην·

136 1635 238 1704 οὐχ
270 1635 413 1688 οὕτω
444 1644 593 1704 μισεῖ
630 1637 731 1705 τὴν
771 1634 984 1688 ἑαυτοῦ.
1061 1636 1229 1704 μηνὸς
1268 1634 1338 1688 ἂν
1378 1634 1494 1688 δέοι
1531 1641 1606 1707 τῷ
1640 1654 1701 1702 γε
1740 1633 1812 1687 δι’

136 1724 414 1793 ἀκριβείας
460 1725 635 1777 εἰπεῖν
672 1723 990 1796 βουλομένῳ
1034 1725 1128 1787 τὰς
1164 1733 1276 1777 τῶν
1321 1722 1383 1777 ἐν
1428 1732 1545 1786 ταῖς
1591 1726 1821 1791 βουλαῖς

137 1813 438 1883 συμφοράς.

247 1902 332 1953 37.
389 1898 531 1954 Οἶδα
577 1903 665 1954 καὶ
704 1902 842 1972 ὑπὲρ
882 1911 993 1955 τῶν
1040 1910 1403 1972 στρατιωτῶν,
1453 1902 1632 1971 ὥσπερ
1678 1900 1818 1970 ὑπὲρ

69 2011 111 2042 20
135 2000 246 2043 τῶν
275 1992 678 2058 βουλευόντων,
719 1989 976 2054 στενάξας
1015 1987 1146 2043 οὐδὲ
1184 1991 1397 2044 τούτων
1437 1994 1567 2052 ἴσως
1602 1988 1817 2055 ἀδίκως,

135 2080 454 2131 πεινώντων
506 2077 596 2131 καὶ
647 2079 958 2148 ῥιγούντων
1011 2080 1100 2132 καὶ
1154 2077 1274 2132 οὐδ’
1323 2078 1526 2146 ὀβολὸν
1580 2076 1817 2146 ἑχόντων

137 2168 229 2220 διὰ
267 2168 370 2236 τὴν
406 2176 519 2221 τῶν
558 2172 810 2236 λοχαγῶν
848 2166 940 2220 καὶ
979 2177 1299 2238 στρατηγῶν
1338 2167 1717 2234 δικαιοσύνην,
1764 2168 1818 2219 οἳ

134 2258 264 2318 τοὺς
301 2256 402 2324 μὲν
448 2255 825 2319 ἀθλιωτάτους
870 2263 1145 2325 ποιοῦσιν,
1192 2256 1393 2318 αὑτοὺς
1441 2256 1502 2308 δὲ
1546 2258 1817 2308 πλουσιω-

135 2343 345 2406 τάτους.
421 2353 649 2396 πεινῶσι
692 2344 753 2396 δὲ
798 2343 890 2396 καὶ
939 2345 992 2396 οἱ
1038 2353 1149 2396 τῶν
1197 2343 1405 2396 ἱππέων
1451 2344 1630 2411 ἵπποι,
1678 2342 1706 2395 ὁ
1755 2342 1816 2395 δὲ

255 2463 307 2502 13
340 2458 469 2503 Dem.
504 2473 540 2503 c.
574 2459 686 2502 Mid.
721 2465 745 2512 ξ
773 2464 856 2503 158
889 2474 934 2515 p.
961 2463 1059 2513 565,
1089 2463 1143 2502 29

255 2567 275 2604 1
310 2562 424 2605 ἀλλὰ
455 2562 567 2606 ΒΜ
699 2567 724 2605 2
758 2566 832 2607 δεῖ
859 2576 935 2605 om
966 2563 1078 2606 BM
1209 2567 1234 2605 6
1267 2558 1342 2612 αἷς
1379 2561 1494 2606 UIB
1527 2562 1574 2604 eb
1603 2561 1652 2603 in
1684 2574 1815 2616 marg

135 2621 197 2663 M
223 2620 346 2664 Fabr
458 2625 483 2664 9
516 2621 567 2664 δὲ
600 2622 752 2666 UIMo
867 2625 922 2664 10
956 2619 1278 2671 εἰσπαίσαντες
1308 2620 1454 2664 Cobet
1482 2612 1813 2663 MnemVlO3

135 2679 263 2735 (Coll.
283 2679 382 2723 crit.
402 2682 474 2735 99)
568 2684 618 2723 11
640 2682 686 2723 et
704 2685 756 2722 12
783 2678 828 2723 δ’
850 2680 918 2724 Re
1019 2685 1072 2722 13
1099 2680 1280 2735 οὐδαμῆ
1297 2680 1342 2723 U
1429 2682 1481 2722 16
1516 2676 1603 2722 ὄτω
1640 2679 1678 2723 C
1700 2680 1705 2734 l
1732 2685 1815 2735 τῆς

133 2738 256 2781 Fabr
282 2739 287 2797 Ι
316 2736 359 2781 δ’
389 2736 478 2782 Bw?
572 2743 624 2781 17
658 2736 901 2796 ἀκρίβειαν
932 2738 1055 2781 Fabr
1152 2742 1204 2781 19
1237 2738 1299 2790 ὡς
1339 2738 1491 2783 UIMo
1523 2736 1645 2780 Fabr
1671 2739 1677 2793 Ι
1703 2738 1811 2793 περὶ

133 2797 255 2840 Fabr
345 2801 399 2840 20
424 2798 681 2855 βουλευτῶν
704 2798 740 2840 Ι
760 2800 765 2853 Ι
792 2798 985 2854 τούτων]
1012 2797 1118 2851 περὶ
1140 2796 1315 2840 τούτων
1339 2796 1461 2840 Fabr
1513 2803 1648 2840 τοῦτο
1667 2796 1812 2840 Cobet

132 2856 300 2899 Mnem.
325 2856 367 2900 V
393 2860 477 2899 104
510 2855 638 2913 (Con.
680 2856 779 2900 crit.
815 2858 916 2913 100)
1045 2860 1099 2899 21
1133 2852 1387 2913 ῥιγούντων
1418 2855 1490 2898 bis
1523 2857 1592 2909 A,
1623 2855 1753 2911 prius
1787 2868 1811 2898 e

134 2911 365 2971 ῥἰγώντων
397 2929 497 2958 corr
519 2916 553 2969 f,
586 2914 783 2957 alterum
816 2928 997 2958 erasum
1058 2911 1291 2970 ῥἰγώντων
1318 2916 1401 2959 Μο
1426 2916 1472 2958 et
1503 2927 1528 2957 e
1559 2911 1811 2971 ῥιγούντων

135 2987 235 3017 corr
264 2973 321 3017 1²
348 2975 354 3032 1
382 2974 461 3017 καὶ
485 2988 559 3017 om
583 2975 627 3019 U
649 2974 773 3016 inser
795 2975 829 3016 I
837 2974 852 2997 ‘-'
973 2977 1027 3015 23
1060 2974 1230 3024 αὐτοὺς
1262 2974 1345 3017 Mo
