2026 3168
735 121 915 166 LIBAN
920 121 963 165 11
994 119 1336 165 ORATIONES
1771 121 1880 173 243

196 258 294 320 οὓς
347 256 629 325 ἐγέννησε,
682 259 813 319 τοὺς
861 266 956 326 τῆς
1009 255 1136 324 ἐμῆς
1189 257 1390 326 μητρὸς
1445 256 1733 324 ἀδελφούς.
1789 255 1878 309 καὶ

194 354 365 399 ταῦτα
404 342 641 415 διεξῄειν
694 345 762 398 οὐ
801 349 963 414 ψιλῆς
1013 345 1175 414 χάριν
1220 345 1513 414 εὐφημίας,
1570 343 1687 397 ἀλλ’
1734 345 1880 407 ὅπως

194 437 370 504 πατήρ
410 454 491 496 τις
530 433 770 496 ἀκούσας
809 435 1109 502 ζηλώσειεν.

309 523 392 575 12.
440 521 536 576 Ἐν
573 524 770 576 τοίνυν
806 530 870 593 τῇ
910 524 1124 590 νεότητι
1163 523 1503 590 διεφύγομεν
1543 521 1576 573 ἃ
1614 523 1687 591 μὴ
1732 523 1879 575 πάνυ

195 609 410 681 ῥᾴδιον,
449 612 540 664 καὶ
578 612 779 664 τούτου
818 611 1089 681 μάρτυρες
1126 612 1262 681 πρὸς
1299 619 1414 673 τοῖς
1452 611 1629 664 πάντα
1665 610 1879 663 ε’πιστα-
1927 632 1946 664 5

193 698 379 766 μένοις
425 705 583 763 θεοῖς
628 703 741 753 εἰσί
780 720 874 767 μοι
922 709 1033 753 τῶν
1081 699 1386 768 ἡλικιωτῶν
1433 701 1485 752 οἱ
1541 703 1735 764 ζῶντες
1784 703 1880 768 ἔτι,

194 795 302 840 νῦν
347 788 448 857 μὲν
496 790 720 858 σαπροί,
774 789 894 841 τότε
948 788 1010 841 δὲ
1063 789 1363 857 ἠνθοῦμεν.
1439 789 1727 857 ἠνώχλησα
1777 784 1881 842 οὖν

195 875 301 944 ἐγὼ
339 885 404 946 τῇ
442 877 626 946 μνήμῃ
665 884 761 944 τῆς
800 877 1190 947 σωφροσύνης;
1230 872 1388 929 εἷπον
1427 875 1577 940 ἄξιος
1616 873 1757 930 εἶναι
1789 878 1881 929 διὰ

194 973 358 1018 τοῦτο
397 974 592 1034 τιμῶν;
645 964 678 1033 ἣ
728 965 826 1028 οὓς
870 963 998 1033 ἐξῆν
1043 966 1323 1035 μάρτυρας
1369 969 1575 1034 καλεῖν,
1629 964 1879 1030 ἐκάλεσας

197 1053 279 1106 13.
319 1055 367 1106 εἰ
400 1054 461 1107 δὲ
490 1055 563 1122 μὴ
594 1061 775 1123 τοῦτο,
811 1063 922 1107 τῶν
952 1055 1078 1124 περὶ
1108 1056 1237 1117 τοὺς
1269 1056 1468 1122 λόγους
1504 1053 1880 1123 ἐμνημόνευσα
1904 1077 1947 1108 10

193 1144 381 1195 πόνων
418 1141 452 1211 ἢ
491 1152 603 1194 τῶν
642 1141 890 1196 ἐνταῦθα
926 1142 960 1212 ἢ
998 1152 1110 1196 τῶν
1148 1141 1402 1213 ἑτέρωθι;
1440 1143 1474 1211 ἢ
1514 1143 1587 1206 ὡς
1618 1143 1882 1211 ἀγόμενος

187 1229 486 1299 Ἀθήνησιν
524 1231 632 1284 ὑπὸ
663 1239 759 1300 τῆς
789 1230 958 1300 ἀρχῆς
988 1230 1075 1284 ε’πὶ
1106 1232 1207 1283 τὸν
1235 1233 1450 1300 θρόνον
1480 1230 1716 1301 ἕφυγονς
1754 1233 1881 1285 τού-

193 1339 304 1372 των
344 1319 445 1372 οὐκ
485 1321 654 1388 οὔσης
692 1319 934 1389 ἀνάγκης
972 1318 1373 1389 ἐμνημόνευσα,
1412 1321 1749 1390 λαμπρύνων
1788 1321 1880 1373 ἄλ-

194 1412 300 1470 λως
347 1407 607 1476 ἑμαυτόνς
662 1408 764 1461 οὐκ
811 1410 950 1476 ἔστι,
999 1410 1388 1477 παρακλήσεως
1434 1405 1495 1461 δὲ
1542 1409 1721 1461 εἵνεκα
1766 1418 1880 1471 τοῖς

193 1496 340 1559 νέοις
378 1497 660 1559 πολλάκις·
701 1490 744 1568 ᾧ
782 1498 1028 1566 τοῦνομα
1066 1505 1229 1550 τοῦτο
1270 1497 1298 1550 ὁ
1338 1499 1541 1566 βαρὺς
1577 1498 1772 1566 ἥκιστα
1810 1497 1880 1551 ἂν
1904 1519 1944 1552 15

194 1588 477 1654 προσήκοι.

311 1674 393 1725 14.
426 1672 614 1727 Ἀλλὰ
660 1676 812 1736 τοὺς
857 1673 994 1744 παρ’
1051 1673 1288 1743 ἑτέρων
1334 1676 1571 1742 λόγους
1617 1674 1877 1743 ὅνταςῆ

195 1764 606 1825 σπουδαίους
646 1761 680 1830 ἢ
728 1763 802 1815 οὐ
849 1764 1199 1826 τοιούτους
1246 1762 1533 1830 ἐκβάλλω
1587 1772 1727 1826 ταῖς
1787 1764 1879 1826 εἰς

196 1850 480 1919 ἐμαυτὸν
505 1851 877 1920 εὐφημίαις·
903 1851 1022 1920 ἐγὼ
1054 1853 1167 1904 τὸν
1192 1853 1377 1904 δεῖνα
1408 1853 1729 1920 σοφιστὴν
1752 1851 1878 1906 ἐνί-

317 2030 370 2068 12
403 2040 465 2068 or.
499 2025 519 2068 Ι
550 2030 575 2078 ξ
608 2030 664 2068 24
689 2040 755 2081 sq.

316 2194 370 2232 14
410 2187 575 2233 ἕνεκα
614 2189 695 2232 καὶ
734 2186 925 2233 εἵνεκα
959 2188 1168 2244 Πλάτων,
1200 2187 1509 2245 Δημοσθένης
1546 2190 1626 2232 καὶ
1656 2189 1701 2233 οἱ
1733 2189 1877 2244 ἄλλοι,

199 2245 492 2304 Θουκυδίδης
516 2248 566 2291 δὲ
592 2248 666 2291 ἀεὶ
690 2246 855 2292 ἕνεκα
879 2247 948 2291 Β2
980 2249 1051 2303 (=
1078 2247 1237 2291 Thom.
1264 2247 1324 2292 M.
1351 2261 1383 2291 8.
1411 2262 1449 2291 v.
1476 2247 1611 2293 ἕνεκα
1635 2263 1679 2303 p.
1700 2254 1798 2303 151,
1815 2251 1873 2306 4).

257 2310 310 2349 19
342 2305 485 2364 λέγων
517 2304 731 2362 δηλονότι
758 2308 802 2350 V

313 2474 338 2512 2
371 2468 542 2524 διεξήει
575 2470 659 2513 Mo
771 2473 798 2511 4
830 2467 1054 2526 διέφυγον
1086 2468 1169 2525 μὲν
1201 2468 1347 2513 Cobet
1375 2469 1544 2513 Mnem.
1563 2469 1604 2512 V
1623 2473 1707 2512 103
1741 2467 1872 2526 (Coll.

194 2527 294 2572 erit.
321 2530 395 2585 99)
485 2532 511 2572 8
536 2527 668 2581 α”ξιοσ
692 2529 733 2583 1,
759 2528 840 2571 sed
873 2541 898 2571 σ
921 2527 970 2570 in
994 2541 1068 2571 ras
1137 2527 1268 2581 ἄξιον
1284 2528 1396 2572 ΒΜ
1401 2528 1446 2572 U
1468 2530 1474 2587 Ι
1502 2532 1718 2573 διατοῦτο
1738 2529 1879 2572 ΒΜΙ

196 2588 281 2631 Mo
399 2591 424 2630 9
473 2589 628 2631 καλεῖν
674 2586 908 2643 μάρτυρας
949 2587 993 2631 V
1108 2591 1161 2630 10
1199 2594 1290 2631 τῶν
1356 2600 1519 2630 rasura.
1554 2587 1750 2630 duarum
1796 2587 1874 2630 lit-

193 2647 399 2689 terarum
430 2646 475 2691 U
495 2647 502 2704 1
528 2662 617 2703 ημο
648 2645 698 2688 in
731 2644 1046 2702 ἐμνημόνευσα
1078 2646 1127 2689 in
1157 2659 1232 2690 ras
1257 2647 1287 2689 Ι
1405 2651 1460 2689 12
1487 2643 1753 2703 Ἀθήνηθεν
1776 2645 1870 2706 Re(

195 2704 371 2749 τούτων
402 2705 437 2748 I
476 2705 558 2749 sed
604 2706 768 2748 acutus
807 2707 855 2748 et
893 2722 927 2748 ω
971 2705 1021 2747 in
1057 2718 1132 2748 ras
1171 2705 1241 2748 m’
1385 2710 1439 2748 14
1487 2704 1622 2749 ἕνεκα
1667 2704 1789 2748 Fabi·

197 2768 252 2807 15
282 2762 502 2814 πολλάκις
530 2771 627 2815 τοῖς
650 2762 774 2815 νέοις
798 2764 868 2821 Vl
896 2757 951 2823 ᾧ]
983 2763 1124 2808 aas?
1151 2764 1158 2821 Ι
1185 2761 1332 2820 ἥκιστ’
1363 2765 1406 2808 V
1506 2768 1559 2807 17
1592 2762 1775 2818 ἑτέρους
1800 2765 1844 2808 U
1864 2764 1870 2823 Ι

196 2838 481 2917 σπουδαίῧῗὲ
492 2868 577 2910 Mo
659 2871 714 2910 18
744 2839 985 2917 τοιούτῧυς
1018 2867 1102 2911 Mo
1195 2871 1247 2910 19
1279 2869 1386 2924 post
1417 2864 1667 2922 εὐφημίαις
1690 2866 1872 2922 signum

195 2924 573 2982 interrogationis
605 2925 755 2969 delevi
786 2939 891 2969 cum
924 2924 1080 2969 Gasda

1523 2998 1607 3041 16⁸
