2026 3168
186 131 288 183 168
723 129 951 174 LIBANII
981 128 1323 173 ORATIONES

183 265 372 338 ἐκείνω
411 265 471 318 τέ
506 285 570 332 με
610 264 861 334 ἐκούφιζε
900 264 990 317 καὶ
1027 263 1140 331 μετ’
1186 263 1361 318 ἐκεῖνο
1402 265 1462 317 τὸ
1495 264 1666 317 αὑτοῦ
1697 262 1861 334 μέρος

182 357 482 425 παρείχετο,
520 355 708 421 γάμων
747 354 928 406 εἵνεκα
967 351 1138 406 ἐλθὸν
1169 354 1246 415 εἰς
1277 353 1463 422 ἀγρόν,
1507 351 1570 406 ἐν
1607 345 1650 425 ᾧ
1680 353 1863 419 καῦμά

183 462 239 495 τε
294 443 359 496 οὐ
419 443 663 511 φορητὸν
715 442 868 510 ὕδωρ
929 461 987 494 τε
1039 443 1301 511 πονηρόν,
1355 440 1621 505 συλλέξαν
1674 443 1861 509 νόσον,

183 530 458 599 ἐπανῆκον
496 532 745 599 θνήσκει.
819 529 907 583 ἐπὶ
947 531 1014 598 δὴ
1052 531 1268 592 τούτοις
1314 531 1572 593 πολλάκις
1617 532 1864 599 ἥκουσαν

139 640 158 673 5
185 621 236 672 οἱ
275 618 399 672 θεοὶ
440 620 499 672 τὸ
541 615 581 671 ὦ
621 618 769 672 θεοὶ
807 621 1061 687 βοῶντος.

297 707 417 761 186.
467 709 578 776 Τὴν
625 708 807 776 Τύχην
856 704 917 760 δὲ
965 703 1130 770 αὖθις
1178 705 1515 777 ἐπῃνέσαμεν
1553 706 1864 778 Καρτέριόν

182 817 238 850 τε
285 795 375 849 καὶ
421 799 551 859 τοὺς
604 795 684 849 ἐπ’
739 797 912 850 αὐτὸν
964 798 1378 865 καταφυγόντας
1430 796 1864 864 καταγελάστους

182 888 502 953 ποιήσασαν.
558 884 587 938 ὁ
627 882 728 951 μὲν
767 886 870 955 γὰρ
911 886 983 947 ὡς
1022 884 1439 953 ἑγκαταστήσων
1477 884 1742 938 ἐνταυθοῖ
1781 887 1862 937 δι-

182 974 461 1027 δάσκαλον
498 975 594 1027 τὸν
633 976 828 1040 λοιμὸν
871 976 1165 1044 Γερόντιον
1204 974 1404 1041 γνώσει
1435 973 1701 1041 βασιλέως
1734 972 1864 1027 ἀνα-

116 1084 159 1116 10
183 1063 367 1129 λαβὼν
413 1059 545 1132 ἦγεν
592 1063 668 1125 εἰς
712 1061 936 1133 Θρᾴκην
981 1061 1144 1130 μέγας
1193 1062 1422 1127 ἐλπίζων
1469 1062 1528 1116 ἐν
1565 1065 1866 1130 βασιλείοις

185 1153 428 1219 ἔσεσθαι,
453 1159 548 1219 τῆς
572 1150 761 1214 ἀνοίας
786 1148 847 1204 δὲ
873 1152 1042 1204 αὐτοῦ
1068 1153 1416 1221 πολλαχόθεν
1439 1150 1866 1219 ἐξελεγχθείσης,

184 1239 257 1292 δι’
302 1241 372 1308 ἣν
423 1237 553 1292 οὐδὲ
604 1240 850 1310 ὑβρίζειν
900 1242 1063 1293 ὤκνει
1112 1243 1241 1303 τοὺς
1290 1243 1504 1307 βασιλεῖ
1555 1243 1784 1306 τιμίους,
1835 1238 1865 1292 ὁ

95 1340 140 1384 R
164 1345 245 1384 121
279 1325 381 1394 μὲν
419 1329 739 1394 ὠθούμενος
773 1327 778 1399 Ι
815 1327 979 1397 ἐμβὰς
1012 1330 1087 1391 εἰς
1117 1333 1314 1382 πλοῖον
1344 1327 1424 1381 ἐπ’
1457 1327 1685 1391 Ἰταλίας
1716 1330 1866 1380 ἔπλει

181 1424 276 1485 τῆς
316 1417 527 1483 ἀτιμίας
566 1425 660 1485 τῆς
699 1417 897 1470 ἑαυτοῦ
944 1421 1199 1487 μηνυτής.
1279 1418 1397 1470 187.
1457 1418 1485 1471 ὁ
1526 1414 1586 1470 δὲ
1628 1417 1863 1487 ὀρχηστῇ

117 1525 160 1560 15
183 1507 469 1572 μισθώσας
517 1505 713 1559 ἑαυτὸν
768 1506 795 1559 ὁ
854 1507 1119 1575 σοφιστὴς
1167 1507 1452 1577 εὐημερίας
1498 1507 1866 1575 πραττόμενος

181 1596 429 1664 χρυσίον,
468 1599 738 1648 τελευτῶν
777 1595 1002 1663 φεύγων
1039 1597 1167 1658 τοὺς
1207 1594 1555 1664 ἀντιτέχνους
1601 1596 1729 1656 τοὺς
1766 1594 1867 1647 τὸν

181 1683 391 1749 μισθὸν
423 1683 488 1754 οὐ
523 1684 776 1745 διδόντας
808 1684 884 1746 εἰς
917 1684 1252 1736 Σελεύκειαν
1279 1686 1550 1752 κομίζεται
1580 1681 1671 1735 καὶ
1703 1680 1856 1752 δεῦρ’

184 1771 389 1839 ἀναβὰς
427 1770 488 1824 ἐν
528 1773 701 1843 σκότῳ
741 1773 834 1824 διὰ
874 1772 996 1835 δέος
1035 1771 1122 1825 ἐπὶ
1161 1773 1261 1840 τὴν
1298 1771 1687 1840 κεκλεισμένην
1726 1771 1871 1843 αὐτῷ

182 1861 417 1929 πατρίδα
464 1862 814 1929 ψηφίσμασιν
851 1859 941 1914 ὑπ’
998 1860 1235 1929 ἀνάγκης
1281 1863 1492 1931 ἔρχεται
1537 1860 1635 1913 τὸν
1679 1860 1867 1928 ἠδικη-

115 1969 160 2001 20
183 1947 354 2015 μένον
392 1949 683 2002 ἱκετεύσων
714 1949 931 2019 ῥήτορα.
997 1949 1117 2002 188.
1157 1948 1402 2003 ἐνταῦθα
1433 1951 1537 2018 ἔφη
1569 1968 1650 2010 τις
1681 1947 1868 2017 μέλειν

185 2035 318 2103 ἐμοῦ
374 2056 430 2089 τε
484 2036 574 2090 καὶ
621 2047 732 2091 τῶν
779 2037 923 2104 ἐμῶν
968 2046 1031 2108 τῇ
1087 2039 1249 2107 Τύχῃ.
1327 2039 1358 2107 ἡ
1407 2034 1467 2090 δὲ
1521 2036 1867 2106 ἐπεισήνεγκε

184 2133 248 2194 τῇ
297 2124 455 2196 ἑορτῇ
503 2125 734 2194 πένθος,
780 2126 975 2194 ἡλίκον
1021 2127 1087 2180 οὐ
1134 2129 1427 2197 πρότερον,
1466 2127 1745 2194 Εὐσεβίου
1784 2144 1867 2178 τε-

185 2217 410 2282 λευτήν·
453 2215 481 2267 ὁ
522 2212 582 2267 δὲ
621 2212 691 2283 ἦν
728 2225 839 2268 τῶν
878 2215 1024 2284 ἐμῶν
1071 2216 1395 2283 ἀγαλμάτων
1440 2216 1500 2268 τὸ
1545 2215 1865 2282 κεφάλαιον,

187 2302 324 2354 ὥστε
363 2301 543 2374 ᾤμωξε
582 2301 683 2369 μὲν
721 2305 753 2373 ἡ
793 2312 860 2372 γῆ
893 2310 1212 2372 τεθνεῶτος,
1245 2302 1468 2376 ᾤμωξαν
1499 2300 1560 2355 δὲ
1591 2303 1647 2354 αἱ
1679 2310 1863 2370 νῆσοι·

119 2408 162 2442 25
187 2388 276 2441 καὶ
323 2392 425 2460 γὰρ
475 2391 672 2460 ἀφῖκτο
721 2401 986 2461 πανταχοῖ
1033 2395 1192 2460 λόγος
1237 2394 1455 2462 τρόπων
1499 2410 1556 2443 τε
1595 2389 1718 2459 πέρι
1756 2398 1868 2442 τῶν

307 2524 330 2562 1
365 2521 472 2576 spir.
500 2535 635 2577 asper
665 2523 713 2565 in
750 2523 892 2567 αὑτοῦ
917 2524 965 2566 in
990 2537 1064 2566 ras
1090 2522 1154 2566 ΡΞ
1177 2525 1224 2566 et
1250 2523 1313 2567 (1¹¹
1374 2522 1516 2565 αὐτοῦ
1541 2522 1632 2565 AL
1733 2524 1758 2561 2
1783 2518 1867 2575 γά-

187 2594 276 2633 μου
307 2578 409 2621 Mor
500 2585 524 2622 3
557 2596 669 2624 num
699 2582 906 2638 πονηρὸν
939 2581 1211 2634 συνέλεξανῗ
1310 2585 1337 2622 4
1371 2580 1446 2624 ἐπὶ
1476 2578 1746 2638 δῶφέπειδὴ
1779 2580 1822 2622 L
1858 2578 1862 2637 Ι

187 2635 362 2691 ἤκουον
394 2637 494 2681 Mor
585 2644 610 2681 5
643 2656 667 2683 ο
700 2640 898 2684 alterum
930 2641 978 2684 in
1011 2643 1211 2699 βοῶντος
1241 2641 1290 2683 in
1320 2652 1395 2682 ras
1431 2639 1493 2683 Cn
1584 2642 1609 2680 8
1642 2636 1866 2680 διδασκά-

187 2697 269 2739 λου
300 2697 343 2739 L
460 2703 508 2740 11
545 2697 856 2756 ἐξελεχθείσης
887 2701 932 2744 Α
993 2697 1304 2756 ἐξελεγθείσης
1334 2699 1377 2742 L
1499 2701 1550 2739 12
1585 2696 1738 2753 ὤκνει]
1774 2696 1867 2740 ἔδει

188 2754 234 2796 Β
269 2756 274 2808 Ι
317 2755 518 2812 βασιλεῖς
548 2756 650 2799 Mor
771 2762 825 2802 14
857 2760 1000 2803 αὐτοῦ
1033 2760 1075 2803 L
1198 2762 1251 2801 18
1283 2754 1576 2812 κεκλειμένην
1607 2757 1653 2799 P
1710 2757 1866 2810 κεκλη-

189 2811 329 2868 μένην
362 2815 405 2857 L
534 2819 589 2857 20
631 2822 811 2871 σωτῆρα
843 2819 886 2860 L
922 2818 927 2875 Ι
965 2816 1034 2868 τίς
1063 2819 1107 2861 L
1235 2822 1289 2860 21
1329 2831 1377 2859 τε
1409 2815 1484 2858 del
1514 2815 1626 2857 Ferr
1655 2814 1705 2857 in
1734 2827 1868 2870 marg

188 2871 290 2914 Mor
317 2873 322 2928 Ι
350 2870 379 2927 ’ἤ
410 2873 509 2916 BV
564 2871 646 2929 ἥδε
677 2874 787 2917 Fen·
810 2876 910 2919 Mor
938 2877 943 2933 Ι
971 2874 1019 2920 δ’
1034 2877 1127 2920 ΑΒ
1140 2876 1221 2919 VL
1246 2889 1320 2918 om
1344 2875 1455 2917 Fen·
1477 2873 1579 2916 Mor
1669 2878 1723 2916 25
1747 2888 1867 2916 παν-

188 2937 303 2987 ταχῆ
336 2931 380 2973 Β
442 2940 678 2989 πανταχοῦ
707 2934 775 2991 ῘῘΙ
814 2933 861 2978 τὲ
891 2936 998 2990 περὶ
1029 2936 1073 2977 Β
