2026 3168
709 139 936 184 LIBANII
968 139 1307 184 ORATIONES
1781 142 1849 194 73

174 280 357 342 aliique
396 282 815 328 commentatores.
893 280 1217 342 Frequentior
1263 281 1368 329 eius
1414 281 1599 330 mentio
1651 284 1724 330 est
1774 282 1854 330 de-

172 371 307 402 mum
361 354 554 402 saeculo
605 354 723 400 XIV
778 354 909 416 apud
962 356 1310 418 grammaticos
1366 355 1855 420 glossographosque,

173 427 523 491 florilegiorum
563 430 808 489 auctores,
847 428 1328 492 paroemiographos.
1407 428 1596 476 Horum
1634 430 1856 477 testimo-

171 502 256 549 nia
296 501 459 549 omnia
498 517 595 549 non
635 501 794 550 solum
834 518 892 550 ex
931 502 1090 563 editis,
1130 501 1214 550 sed
1253 503 1403 550 etiam
1435 518 1460 549 e
1492 502 1856 565 manuscriptis,

173 577 414 637 quatenus
452 577 615 638 potui,
661 576 848 638 primus
888 576 1064 639 collegi
1110 579 1160 624 et
1198 576 1263 623 ad
1301 577 1450 624 crisin
1497 576 1720 638 adhibui,
1772 576 1856 625 sed

172 648 230 696 de
270 649 347 697 his
387 665 580 711 quoque
620 649 912 713 singillatim
950 649 1147 698 uberius
1186 652 1238 697 in
1271 648 1669 713 ,Epilegomenis‘
1708 666 1855 715 agen-

170 722 291 770 dum
337 725 443 771 erit.
519 723 614 771 Hic
660 739 820 785 pauca
858 723 915 771 de
955 724 1016 772 iis
1056 724 1173 772 solis
1214 724 1298 786 qui
1337 724 1469 773 locos
1510 740 1534 772 e
1566 725 1686 772 Vita
1725 727 1855 772 attu-

171 796 356 858 lerunt,
409 797 652 845 monenda
700 799 826 846 sunt.
904 798 944 844 E
992 797 1348 846 vetustioribus
1386 797 1745 847 Eustathius
1794 798 1858 846 ad

171 869 227 918 Il.
269 871 454 931 §3453
504 874 530 918 λ
565 872 692 933 244;
745 869 832 919 Od.
880 890 906 919 τ
939 872 1066 931 36ος
1117 871 1261 920 1)1011.
1310 872 1418 919 Per.
1467 872 1572 920 815
1621 874 1858 935 quattuor

95 954 101 959 '
173 945 277 993 eius
315 945 447 992 locos
485 961 586 992 non
624 947 728 992 tam
767 945 914 993 verbo
962 947 1105 994 tenus
1153 962 1302 1007 quam
1346 946 1629 994 memoriter
1668 947 1855 995 citavit.

171 1017 338 1066 Pauca
383 1018 534 1067 verba
580 1012 629 1085 (Ι
671 1020 789 1082 161,
826 1021 894 1067 10
929 1012 995 1086 R)
1042 1020 1216 1067 citavit
1263 1018 1552 1083 Georgius
1595 1019 1853 1081 Laoape-

172 1108 277 1141 nus
316 1093 369 1139 in
405 1086 852 1159 „Grammatica“¹)
894 1109 919 1140 e
958 1093 1121 1142 codice
1161 1094 1504 1156 Mosquensi
1544 1094 1714 1156 synod.
1750 1095 1853 1143 316

171 1166 255 1214 fol.
296 1167 508 1214 23—77
552 1182 581 1213 a
615 1167 888 1214 Matthaeio
930 1160 1087 1232 (lectt.
1123 1167 1311 1230 Mosqu.
1344 1167 1370 1214 I
1406 1184 1453 1229 p.
1489 1167 1556 1215 55
1591 1162 1686 1233 sq.)
1724 1168 1858 1216 edita

175 1243 225 1287 et
263 1241 543 1288 accurat-ius
585 1255 751 1287 meum
796 1243 849 1288 in
895 1257 1040 1289 usum
1086 1258 1114 1288 a
1161 1241 1468 1289 Theodoro
1507 1241 1732 1289 Korsch
1779 1258 1857 1289 ex·

172 1316 363 1375 cerpta,
410 1313 494 1362 fol.
538 1315 619 1375 56,
660 1331 870 1376 quocum
908 1315 1031 1363 facit
1069 1317 1241 1363 auctor
1278 1315 1479 1362 libelli
1517 1315 1576 1362 de
1617 1317 1858 1377 syntaxi

172 1387 251 1435 vel
290 1388 650 1436 constructione
691 1405 715 1435 e
756 1389 919 1436 codice
958 1389 1314 1453 Augustano
1354 1389 1476 1437 editi
1515 1405 1544 1436 a
1582 1388 1701 1437 God.
1735 1389 1855 1436 Her·

170 1477 350 1508 manno
390 1462 449 1509 de
490 1462 674 1509 emend.
714 1465 807 1510 rat.
849 1478 1051 1526 gramm.
1093 1478 1249 1527 graec.
1289 1480 1336 1526 p.
1370 1463 1493 1524 381,
1527 1464 1609 1510 14.
1685 1462 1857 1511 Plures

172 1536 304 1583 locos
353 1536 526 1582 attulit
571 1536 820 1584 Thomas
859 1536 1169 1600 Magister,
1221 1536 1305 1585 sed
1351 1539 1467 1585 sunt
1514 1537 1687 1598 pusilli
1735 1553 1857 1598 pau-

172 1609 338 1671 cisque
366 1609 527 1657 verbis
559 1610 908 1672 comprehensi.
962 1611 1121 1659 Multo
1153 1611 1317 1672 plures
1347 1626 1437 1659 nec
1468 1607 1625 1659 Solum
1657 1613 1859 1673 propter

172 1683 482 1744 sententiam,
515 1684 599 1731 sed
628 1685 778 1731 etiam
810 1686 1012 1747 propter
1043 1685 1273 1732 dictionis
1304 1686 1676 1747 proprietatem,
1707 1687 1859 1746 prout

171 1757 332 1817 libuit,
359 1758 532 1805 citavit
546 1757 834 1806 Maximus
858 1758 1156 1806 Planudes
1183 1751 1276 1825 (=
1293 1751 1445 1824 Plan)
1471 1761 1642 1806 auctor
1666 1774 1858 1821 excerp-

171 1832 336 1878 torum
376 1846 433 1878 ex
473 1831 697 1880 omnibus
732 1832 834 1880 fere
867 1832 1188 1894 scriptoribus
1222 1847 1347 1893 quae
1380 1832 1544 1879 codice
1575 1832 1858 1880 Palatino

172 1903 670 1968 Heidelbergensi
710 1922 781 1968 gr.
817 1907 921 1953 129
955 1907 1137 1954 saeculi
1166 1906 1259 1953 XV
1291 1898 1671 1973 continentur2),
1712 1922 1858 1967 quem

175 1993 302 2025 anno
353 1979 493 2025 1874
545 1979 775 2040 excerpsi.
851 1979 1017 2041 Atque
1063 1979 1341 2027 Libaniana
1396 1994 1521 2041 quae
1573 1996 1601 2027 a
1650 1995 1727 2027 me
1778 1979 1858 2028 de-

174 2052 359 2112 scripta
390 2055 518 2112 sunt,
550 2054 765 2114 quinque
797 2053 918 2101 locis
949 2054 1002 2101 in
1031 2053 1194 2102 codice
1226 2054 1560 2115 reperiuntur:
1596 2047 1649 2121 1)
1676 2054 1760 2102 fol.
1788 2055 1853 2101 21

172 2170 412 2231 inscripta
450 2144 561 2295 ἔιβέ
599 2163 741 2236 (sunt
781 2187 805 2219 e
844 2172 994 2219 Vitae
1030 2173 1172 2234 parte
1210 2164 1422 2237 priore);
1462 2165 1518 2238 2)
1558 2172 1642 2220 fol.
1677 2173 1744 2220 38
1784 2173 1858 2219 in-

480 2254 506 2281 ν

175 2289 381 2349 scripta:
420 2290 467 2336 λι
540 2282 588 2355 (6
621 2289 1064 2338 declamationibus
1098 2291 1148 2337 et
1178 2282 1531 2356 orationibus)3
1565 2283 1621 2356 3)
1653 2290 1860 2338 1“01.’46ν

172 2405 293 2452 item
346 2406 605 2467 inscripta:
661 2357 746 2455 λῗν
796 2399 878 2473 (ex
928 2399 1202 2473 epistulis)3
1265 2399 1322 2474 4)
1370 2407 1453 2455 fol.
1498 2410 1562 2457 99
1619 2407 1858 2470 inscripta

173 2479 342 2526 initio:
396 2477 450 2527 ἐκ
495 2486 592 2528 τῶν
646 2480 871 2544 λιβανίου
926 2483 1132 2543 μελετῶν
1191 2474 1240 2547 (6
1294 2480 1653 2530 declamatione
1708 2481 1859 2545 νόμος

174 2551 259 2601 τὸν
310 2550 515 2618 εὑρόντα
565 2553 826 2620 θησαυρὸν
879 2554 950 2601 IV
990 2555 1092 2603 198
1140 2548 1223 2622 R),
1276 2557 1407 2602 tum:
1460 2562 1547 2603 τοῦ
1599 2552 1752 2603 αὐτοῦ
1807 2552 1859 2603 ἐκ

175 2690 260 2732 τοῦ
309 2645 469 2752 dunig)
526 2680 607 2753 (ex
642 2679 960 2755 Ἀντιοχικῷ);
1017 2681 1073 2753 5)
1120 2687 1202 2735 fol.
1247 2689 1549 2736 103—105
1596 2688 1856 2748 inscripta:

295 2827 338 2881 1)
370 2825 436 2869 cf.
469 2826 619 2881 Voltz,
650 2826 758 2883 Byz.
792 2826 1011 2870 Zeitschr.
1044 2826 1087 2870 II
1119 2831 1203 2871 228
1231 2842 1297 2883 sq.

176 2939 276 2984 Rhe
297 2883 836 2988 2)}{}{X}x37113n{147Haupt,
867 2885 1022 2930 Herm.
1054 2885 1161 2930 XIV
1193 2890 1262 2930 59.
1324 2885 1380 2929 Κ.
1412 2887 1466 2930 Κ.
1499 2886 1708 2941 Mueller,
1739 2886 1855 2930 Mus.

277 2955 321 2984 n.
665 2979 674 2989 .
