2026 3168
690 124 918 169 LIBAMt
948 123 1288 170 ORATIONES
1762 126 1827 178 11

149 267 547 316 membranaceus
585 265 772 314 formae
810 265 920 313 folii
958 265 1161 313 minoris
1197 281 1222 313 e
1255 264 1460 314 diversis
1493 267 1686 315 constat
1717 281 1829 329 par·

147 342 280 390 tibus
319 340 512 389 diversa
551 341 715 388 aetate
755 339 982 388 exaratis.

254 413 505 462 Praefixus
537 415 611 461 est
641 412 789 472 πίναξ
819 414 974 461 totius
1006 412 1187 461 codicis
1218 413 1413 461 saeculo
1437 413 1556 460 XIV
1581 414 1828 463 confectus

146 488 334 537 duobus
373 488 748 550 comprehensus
787 487 933 535 foliis.
948 480 988 553 1)

254 562 327 610 Ac
377 561 571 624 prima
621 561 821 624 quidem
866 576 981 622 pars
1033 553 1139 627 (fol.
1184 554 1386 627 1—37)
1441 576 1593 609 manu
1645 563 1830 624 scripta

145 636 330 685 saeculi
367 635 491 683 XHI
536 635 757 683 exeuntis
803 635 882 683 vel
920 634 1039 682 XIV
1085 635 1299 683 ineuntis
1348 635 1437 684 has
1484 636 1703 683 continet
1749 636 1830 684 de-

145 710 487 759 clamationes:

250 785 335 831 fol.
365 787 390 831 1
421 781 777 849 Πρεσβευτικὸς
801 780 925 847 πρὸς
949 788 1103 848 τρῶας
1127 779 1250 848 1ὑπὲρ
1275 789 1362 846 τῆς
1385 780 1576 846 ἕλε’νηςε
1601 781 1829 847 μενέλαος

265 859 295 906 3
359 855 702 923 πρεσβευτικὸς
753 855 877 922 πρὸς
936 854 1051 915 τοὺς
1111 862 1266 922 τρῶας
1324 853 1447 922 ὑπὲρ
1500 863 1588 921 τῆς
1640 855 1831 921 ἕλε’νηςε

144 928 382 990 ὀδυσσεύς

261 1007 328 1054 10
368 1003 674 1069 φιλαργύρου
712 1007 828 1063 παῖς
866 1001 1153 1069 ἀριστεύσας
1190 999 1371 1071 ᾔτησεν
1409 1003 1480 1064 εἰς
1517 1003 1609 1069 τὴν
1641 1003 1829 1071 δωρεὰν

140 1077 329 1128 θαλλὸν
368 1077 614 1140 στεφάνου
655 1071 740 1145 (111.
778 1080 958 1139 poster.
991 1079 1017 1125 f
1043 1093 1287 1140 suprascr.
1327 1081 1518 1128 θαλλοῦ
1558 1073 1826 1146 στέφανον)

140 1150 224 1202 καὶ
261 1150 651 1218 ἀποκηρύσσεται
682 1149 814 1218 παρὰ
845 1158 932 1200 τοῦ
965 1150 1096 1201 ἰδίου
1128 1150 1309 1217 πατρός

258 1228 323 1275 13
366 1226 603 1284 δύσκολος
640 1224 801 1290 γήμας
839 1224 987 1274 λάλον
1025 1229 1236 1291 γυναῖκα
1274 1224 1450 1276 ἑαυτὸν
1487 1225 1829 1293 προσαγγέλλει

258 1302 351 1348 16
410 1299 675 1365 παράσιτος
727 1304 814 1348 τοῦ
869 1297 1134 1365 τρέφοντος
1194 1298 1346 1350 αὐτὸν
1399 1300 1829 1397 φιλοσοφήσαντος

142 1372 318 1423 ἑαυτὸν
355 1370 696 1439 προσαγγέλλει

256 1450 322 1496 19
364 1443 642 1516 ἐξῄτησεν
620 1465 645 1496 ο
672 1446 909 1509 φίλιππος
940 1445 1025 1495 τὸν
1057 1445 1378 1512 δημοσθένην
1404 1475 1477 1481 —
1500 1447 1679 1514 γράφει
1710 1443 1824 1515 παρ’

140 1519 409 1585 ἀθηναίοις
446 1519 635 1570 ἀνελεῖν
672 1518 758 1569 τὸν
797 1519 967 1584 βωμόν

254 1597 319 1643 22
361 1591 601 1661 τύραννος
647 1592 826 1663 ᾔτησεν
869 1592 917 1653 ἐξ
963 1592 1302 1660 ἀστυγείτονος
1347 1595 1533 1656 πόλεως
1578 1596 1829 1662 μειράκιον

147 1696 209 1704 -
245 1667 549 1728 ἀπελθόντος
586 1675 674 1717 τοῦ
713 1668 960 1734 τυράννου
998 1668 1212 1735 κρίνεται

255 1745 322 1792 26
365 1742 606 1802 δικάζεται
643 1742 887 1791 ποσειὸῶν
925 1738 1029 1807 ἅρει
1067 1740 1190 1808 ὑπὲρ
1230 1740 1548 1810 ἇλλιρροθίου

254 1818 321 1865 28
362 1815 416 1866 ἐκ
453 1823 539 1866 τοῦ
579 1815 806 1865 ἐναντίου
845 1813 871 1864 ὁ
911 1813 1035 1881 ἅρης

257 1892 328 1939 30
367 1889 484 1954 μετὰ
522 1889 579 1938 τὰ
609 1888 662 1939 ἐν
694 1893 924 1953 σαλαμῖνι
956 1887 1319 1954 ἀναλαμβάνειν
1350 1889 1488 1951 ἀξιοῖ
1508 1895 1713 1957 νεοκλῆς
1744 1892 1829 1943 τὸν

145 1962 481 2028 θεμιστοκλέα,
520 1962 547 2013 ὃ
587 1961 640 2013 δὲ
678 1961 912 2028 ἀντιλέγει

258 2040 326 2086 34
366 2036 420 2087 ἐκ
457 2044 544 2086 τοῦ
583 2035 810 2086 ἐναντίου
850 2034 875 2085 ὅ
914 2041 1253 2102 θεμιστοκλῆς.

250 2112 374 2160 Pars
414 2111 669 2160 secunda
710 2105 818 2178 (fol.
854 2106 1094 2178 38—41)
1134 2128 1286 2160 manu
1329 2114 1513 2162 saeculi
1551 2114 1669 2162 XIV
1708 2116 1828 2164 satis

144 2187 463 2250 neglegenter
486 2187 671 2247 scripta
695 2185 916 2233 continet
939 2185 1347 2234 declamationem
1378 2185 1501 2252 ἔχων
1524 2206 1595 2246 τις
1619 2192 1830 2253 γυναῖκα

142 2257 226 2308 καὶ
264 2256 334 2308 ὢν
372 2257 470 2310 ὑπὸ
509 2257 653 2325 πατρὶ
689 2286 751 2292 -
786 2256 1074 2308 ἐπανελθὼν
1111 2257 1428 2326 ἀναγκάζεται
1466 2259 1565 2311 ὑπὸ
1603 2268 1690 2311 τοῦ
1735 2280 1829 2311 πα-

147 2332 258 2399 τρὸς
295 2337 467 2398 γαμεῖν
505 2331 588 2381 καὶ
626 2330 694 2396 μὴ
733 2331 1032 2396 βουλόμενος
1069 2331 1473 2400 ἀποκηρύσσεται.

252 2407 374 2456 Pars
420 2408 607 2455 tertia
663 2422 819 2468 eaque
869 2407 1129 2468 potissima
1182 2401 1288 2475 (fol.
1331 2404 1608 2476 42—264)
1660 2411 1854 2473 pulcre*

145 2483 347 2529 exarata
393 2497 544 2529 manu
590 2481 774 2530 saeculi
811 2480 883 2527 XI
929 2482 1151 2530 exeuntis
1199 2482 1279 2530 vel
1316 2483 1413 2530 XII
1457 2484 1674 2532 ineuntis
1721 2500 1827 2533 ora-

145 2555 306 2603 tiones
354 2555 564 2602 exhibet
642 2553 854 2610 Quaevis
893 2555 995 2602 fere
1033 2556 1217 2620 pagina
1256 2557 1465 2620 triginta
1504 2557 1626 2606 duas
1672 2558 1828 2606 lineas

144 2629 386 2690 continet3
439 2628 630 2676 numeri
670 2628 1050 2690 quaternionum
1086 2629 1139 2676 in
1184 2630 1359 2678 mediis
1404 2631 1710 2695 marginibus
1755 2633 1828 2679 in·

142 2702 405 2750 ferioribus
443 2717 595 2749 manu
632 2717 758 2765 quae
790 2704 983 2764 partem
1014 2703 1278 2751 secundam
1310 2705 1533 2753 exaravit
1563 2705 1829 2768 subscripti

152 2873 307 2974 nfra1)
337 2871 452 2974 D1e3·
439 2871 498 2915 iis
530 2885 650 2928 quae
682 2871 795 2916 folio
826 2885 918 2915 uno
950 2873 1060 2916 ante
1091 2873 1206 2918 haec
1243 2874 1397 2931 posito
1436 2875 1733 2920 continentur
1770 2875 1827 2920 cf.

149 2944 166 2972 1
300 2945 332 2986 P
