2026 3168
162 105 230 158 12
702 104 930 149 LIBANn
961 103 1302 150 ORATIONES

158 248 286 294 sunt.
325 245 467 293 Folia
502 245 603 294 183
632 247 682 292 et
715 245 820 292 184
850 261 1004 293 manu
1035 245 1219 294 saecu]i
1249 245 1367 294 XIV
1398 246 1627 309 suppleta
1657 247 1783 294 sunt.
1797 240 1839 314 1)

156 318 351 367 Passim
387 319 440 366 in
469 319 563 367 hac
593 319 736 381 parte
768 320 1036 366 cernuntur
1064 333 1240 366 manus
1272 320 1598 382 correctrices,
1637 321 1679 368 si
1708 321 1841 368 recte

159 392 437 454 observavi,
477 407 581 452 sex,
623 407 748 454 quae
786 391 866 439 vel
906 407 964 439 ex
1003 393 1266 440 atramenti
1307 394 1467 442 colore
1499 393 1840 442 dinoscuntur:

271 459 327 532 1)
373 465 543 514 manui
588 465 781 513 librarii
826 466 981 527 ipsius
1026 467 1251 528 proxima
1300 482 1391 516 usa
1438 470 1714 516 atramento
1753 468 1839 517 vi-

155 541 273 588 ridi
339 561 408 578 =
439 556 472 588 V

270 533 335 661 2(
367 532 588 675 anti21ua„
625 628 717 661 usa
757 614 1033 661 atramento
1073 613 1305 675 pallido
1346 607 1440 681 (=
1471 609 1528 681 p)

269 689 300 736 3
366 687 487 735 satis
527 689 755 750 antiqua,
800 702 890 735 usa
929 688 1207 735 atramento
1248 688 1423 737 coloris
1464 689 1549 751 qui
1586 689 1840 736 medium

156 763 293 810 tenet
329 762 461 808 inter
499 761 690 809 fuscum
730 763 780 809 et
817 760 1025 809 viridem
1067 754 1161 827 (=
1192 755 1266 828 m)

268 837 302 882 4
366 835 607 883 recentior
643 850 735 883 usa
773 836 1050 883 atramento
1090 834 1374 899 subnigro
1417 829 1510 902 (=
1543 829 1588 903 s)

271 910 301 956 5
364 910 609 957 recentior
646 924 738 957 usa
777 910 1054 957 atramento
1093 909 1264 973 nigro
1307 903 1401 976 (=
1433 902 1490 976 n)

270 983 300 1030 6
364 983 705 1031 recentissima
741 998 833 1031 usa
865 984 1142 1030 atramento
1182 983 1349 1032 fusco
1391 977 1483 1050 (=
1515 976 1573 1049 ί).

266 1057 443 1105 Manus
495 1057 658 1119 prima
713 1058 995 1105 constanter
1043 1056 1247 1118 praebet
1292 1058 1396 1105 iota
1443 1057 1744 1119 adscriptum
1790 1060 1840 1106 et

156 1132 209 1178 in
246 1129 342 1178 fine
384 1131 628 1179 enuntiati
666 1149 696 1179 ν
734 1128 1099 1195 ἐφελκυστικόν,
1148 1130 1280 1192 quod
1316 1146 1491 1180 manus
1531 1132 1841 1180 correctrices

157 1205 459 1253 deleverunt.

269 1276 530 1327 Orationes
570 1280 736 1327 autem
775 1281 911 1327 sunt:

266 1352 365 1400 fol.
399 1353 467 1400 42
508 1351 785 1416 λιβανίου
825 1359 1116 1415 σοφιστοῦ
1155 1352 1284 1417 βίος
1322 1349 1355 1416 ἢ
1394 1350 1524 1419 περὶ
1562 1359 1664 1416 τῆς
1701 1351 1836 1402 ἑαυ-

155 1432 256 1474 τοῦ
294 1424 472 1491 τύχης
509 1424 681 1491 λόγος
720 1419 998 1493 πρῶτοςῗ)

271 1501 336 1547 72
388 1499 511 1566 πρὸς
560 1498 675 1558 τοὺς
722 1499 882 1567 βαρὺν
935 1498 1087 1550 αὐτὸν
1136 1498 1442 1559 καλέσαντας.
1519 1497 1630 1564 βός.
1686 1494 1839 1567 (infra
1889 1498 1891 1500 ’

156 1573 395 1637 scriptum
433 1567 519 1640 ιγ’)

272 1649 339 1696 77
402 1646 525 1714 πρὸς
562 1645 677 1706 τοὺς
715 1645 871 1706 νέους.
911 1645 1021 1714 περὶ
1059 1654 1145 1697 τοῦ
1183 1647 1331 1713 λόγου

270 1722 364 1770 80v
402 1719 511 1788 περὶ
549 1727 637 1770 τοῦ
677 1719 744 1785 μὴ
782 1723 949 1788 ληρεῖν
1099 1721 1129 1770 ὃ

269 1796 364 1844 83*
402 1792 596 1861 ἅρτεμις
746 1813 768 1844 ε

269 1870 364 1917 87v
402 1866 512 1935 περὶ
548 1866 818 1932 ἀπληστίας

269 1944 364 1990 89Ὗ
403 1941 476 1992 ὅτι
512 1941 566 1992 τὸ
605 1945 832 1991 πλουτεῖν
871 1940 1052 2002 ἀδίκως
1090 1949 1177 1993 τοῦ
1215 1941 1452 1994 πένεσθαι
1492 1941 1791 2010 ἀθλιώτερον

271 2019 365 2065 9οὙ
403 2013 512 2083 περὶ
551 2016 722 2075 πενίας

270 2092 365 2139 917
402 2089 472 2149 εἰς
509 2088 595 2149 τὰς
631 2089 879 2149 καλάνδας

271 2166 338 2212 93
401 2161 511 2230 περὶ
549 2170 636 2212 τοῦ
672 2162 891 2231 πλέθρου

270 2239 336 2286 96
400 2235 674 2302 ἀντιοχικός
823 2257 873 2286 ια
913 2232 1090 2305 (infraz
1129 2231 1216 2305 κβ)

235 2313 261 2358 1
271 2314 335 2360 19
392 2311 641 2375 βασιλικὸς
656 2310 726 2370 εἰς
740 2311 1069 2361 κωνστάντιον
1084 2310 1167 2367 καὶ
1184 2311 1463 2360 κώνσταντα
1495 2311 1546 2376 ιβ
1563 2306 1737 2378 (infrat
1754 2305 1838 2378 ny)

234 2386 365 2434 136ν
404 2385 644 2448 μονωιὸία
683 2383 762 2434 ἐπὶ
799 2385 1109 2449 νικομηὸείαι

235 2459 366 2506 138*
403 2457 473 2516 εἰς
512 2457 764 2508 ἰουλιανὸν
803 2457 1135 2525 αὐτοκράτορα

235 2533 366 2579 146*
403 2531 810 2597 προσφωνητικὸς
850 2531 1102 2581 ἰουλιανῶι
1253 2548 1293 2579 ιε

236 2605 335 2652 151
401 2602 522 2669 ὑπὲρ
563 2602 925 2670 ἀριστοφάνους

279 2732 322 2787 1)
353 2730 439 2773 His
472 2729 682 2774 succedit
713 2730 791 2774 fol.
821 2734 904 2773 189
936 2729 1140 2773 numeris
1175 2733 1407 2773 185—188
1440 2731 1636 2774 omissis.

277 2791 320 2846 2)
359 2788 506 2832 Tituli
545 2789 807 2833 orationum
847 2789 1114 2832 constanter
1150 2791 1314 2845 postea
1352 2789 1525 2843 additi,
1571 2789 1749 2832 numeri
1788 2789 1837 2832 in

157 2848 367 2905 margine
396 2846 623 2891 rubricati
655 2848 781 2901 sunt,
826 2861 1021 2904 quorum
1053 2847 1133 2902 qui
1164 2847 1289 2891 infra
1320 2848 1482 2904 scripti
1515 2850 1622 2892 sunt
1659 2850 1837 2892 tomum

157 2907 393 2965 integrum
423 2906 692 2962 respiciunt.
