<?xml version="1.0" encoding="UTF-8"?>
<!DOCTYPE html PUBLIC "-//W3C//DTD XHTML 1.0 Transitional//EN"
    "http://www.w3.org/TR/xhtml1/DTD/xhtml1-transitional.dtd">
<html xmlns="http://www.w3.org/1999/xhtml" xml:lang="en" lang="en">
 <head>
  <title>
</title>
<meta http-equiv="Content-Type" content="text/html;charset=utf-8" />
  <meta name='ocr-system' content='tesseract 3.04.00' />
  <meta name='ocr-capabilities' content='ocr_page ocr_carea ocr_par ocr_line ocrx_word'/>
</head>
<body>
  <div class='ocr_page' id='page_1' title='image "./operarecensuitri01libauoft_0011.png"; bbox 0 0 2026 3168; ppageno 0'>
   <div class='ocr_carea' id='block_1_1' title="bbox 706 642 1271 705">
    <p class='ocr_par' dir='ltr' id='par_1_1' title="bbox 706 642 1271 705">
     <span class='ocr_line' id='line_1_1' title="bbox 706 642 1271 705; baseline -0.002 0"><span class='ocrx_word' id='word_1_1' title='bbox 706 642 1271 705; x_wconf 83' lang='lat' dir='ltr'><strong>PRAEFATIO.</strong></span> 
     </span>
    </p>
   </div>
   <div class='ocr_carea' id='block_1_2' title="bbox 146 777 1846 2473">
    <p class='ocr_par' dir='ltr' id='par_1_2' title="bbox 147 777 1830 1347">
     <span class='ocr_line' id='line_1_2' title="bbox 258 777 1827 841; baseline -0.003 -13"><span class='ocrx_word' id='word_1_2' title='bbox 258 780 389 828; x_wconf 84' lang='lat' dir='ltr'>Dum</span> <span class='ocrx_word' id='word_1_3' title='bbox 426 781 479 827; x_wconf 89' lang='lat' dir='ltr'>in</span> <span class='ocrx_word' id='word_1_4' title='bbox 520 795 575 828; x_wconf 93' lang='lat' dir='ltr'>eo</span> <span class='ocrx_word' id='word_1_5' title='bbox 615 782 689 827; x_wconf 86' lang='lat' dir='ltr'>est</span> <span class='ocrx_word' id='word_1_6' title='bbox 725 780 784 826; x_wconf 93' lang='lat' dir='ltr'>ut</span> <span class='ocrx_word' id='word_1_7' title='bbox 821 794 943 841; x_wconf 92' lang='lat' dir='ltr'>opus</span> <span class='ocrx_word' id='word_1_8' title='bbox 984 778 1118 840; x_wconf 91' lang='lat' dir='ltr'>quod</span> <span class='ocrx_word' id='word_1_9' title='bbox 1156 780 1271 826; x_wconf 90' lang='lat' dir='ltr'>ante</span> <span class='ocrx_word' id='word_1_10' title='bbox 1309 778 1399 826; x_wconf 91' lang='lat' dir='ltr'>hos</span> <span class='ocrx_word' id='word_1_11' title='bbox 1437 778 1648 841; x_wconf 87' lang='lat' dir='ltr'>triginta</span> <span class='ocrx_word' id='word_1_12' title='bbox 1687 777 1827 839; x_wconf 91' lang='lat' dir='ltr'>quin-</span> 
     </span>
     <span class='ocr_line' id='line_1_3' title="bbox 150 853 1829 916; baseline -0.002 -14"><span class='ocrx_word' id='word_1_13' title='bbox 150 871 243 916; x_wconf 86' lang='lat' dir='ltr'>que</span> <span class='ocrx_word' id='word_1_14' title='bbox 278 869 432 902; x_wconf 89' lang='lat' dir='ltr'>annos</span> <span class='ocrx_word' id='word_1_15' title='bbox 462 854 663 902; x_wconf 89' lang='lat' dir='ltr'>Italiam</span> <span class='ocrx_word' id='word_1_16' title='bbox 699 855 872 915; x_wconf 91' lang='lat' dir='ltr'>petens</span> <span class='ocrx_word' id='word_1_17' title='bbox 902 853 1148 901; x_wconf 90' lang='lat' dir='ltr'>Herchero</span> <span class='ocrx_word' id='word_1_18' title='bbox 1189 854 1387 901; x_wconf 89' lang='lat' dir='ltr'>auctore</span> <span class='ocrx_word' id='word_1_19' title='bbox 1427 867 1686 916; x_wconf 84' lang='lat' dir='ltr'>aggressus</span> <span class='ocrx_word' id='word_1_20' title='bbox 1721 867 1829 900; x_wconf 90' lang='lat' dir='ltr'>sum</span> 
     </span>
     <span class='ocr_line' id='line_1_4' title="bbox 147 926 1828 989; baseline -0.001 -14"><span class='ocrx_word' id='word_1_21' title='bbox 147 929 280 977; x_wconf 87' lang='lat' dir='ltr'>foras</span> <span class='ocrx_word' id='word_1_22' title='bbox 318 929 537 989; x_wconf 83' lang='lat' dir='ltr'>mittam,</span> <span class='ocrx_word' id='word_1_23' title='bbox 576 929 736 975; x_wconf 84' lang='lat' dir='ltr'>facere</span> <span class='ocrx_word' id='word_1_24' title='bbox 773 943 873 975; x_wconf 92' lang='lat' dir='ltr'>non</span> <span class='ocrx_word' id='word_1_25' title='bbox 909 942 1111 989; x_wconf 91' lang='lat' dir='ltr'>possum</span> <span class='ocrx_word' id='word_1_26' title='bbox 1150 928 1270 989; x_wconf 88' lang='lat' dir='ltr'>quin</span> <span class='ocrx_word' id='word_1_27' title='bbox 1308 942 1467 988; x_wconf 86' lang='lat' dir='ltr'>pauca</span> <span class='ocrx_word' id='word_1_28' title='bbox 1506 926 1828 989; x_wconf 83' lang='lat' dir='ltr'>praefationis</span> 
     </span>
     <span class='ocr_line' id='line_1_5' title="bbox 148 999 1827 1063; baseline -0.002 -13"><span class='ocrx_word' id='word_1_29' title='bbox 148 1003 255 1051; x_wconf 93' lang='lat' dir='ltr'>loco</span> <span class='ocrx_word' id='word_1_30' title='bbox 310 1003 492 1063; x_wconf 88' lang='lat' dir='ltr'>dicam,</span> <span class='ocrx_word' id='word_1_31' title='bbox 545 1018 655 1050; x_wconf 91' lang='lat' dir='ltr'>cum</span> <span class='ocrx_word' id='word_1_32' title='bbox 708 999 767 1048; x_wconf 87' lang='lat' dir='ltr'>de</span> <span class='ocrx_word' id='word_1_33' title='bbox 819 1002 1012 1050; x_wconf 88' lang='lat' dir='ltr'>ratione</span> <span class='ocrx_word' id='word_1_34' title='bbox 1065 1001 1220 1050; x_wconf 88' lang='lat' dir='ltr'>totius</span> <span class='ocrx_word' id='word_1_35' title='bbox 1274 1001 1435 1063; x_wconf 87' lang='lat' dir='ltr'>operis</span> <span class='ocrx_word' id='word_1_36' title='bbox 1489 1001 1827 1063; x_wconf 76' lang='lat' dir='ltr'>imprimisque</span> 
     </span>
     <span class='ocr_line' id='line_1_6' title="bbox 149 1075 1829 1138; baseline -0.002 -13"><span class='ocrx_word' id='word_1_37' title='bbox 149 1077 263 1125; x_wconf 91' lang='lat' dir='ltr'>crisi</span> <span class='ocrx_word' id='word_1_38' title='bbox 309 1076 584 1125; x_wconf 87' lang='lat' dir='ltr'>factitanda</span> <span class='ocrx_word' id='word_1_39' title='bbox 624 1092 750 1138; x_wconf 89' lang='lat' dir='ltr'>quae</span> <span class='ocrx_word' id='word_1_40' title='bbox 789 1075 1076 1138; x_wconf 88' lang='lat' dir='ltr'>exponenda</span> <span class='ocrx_word' id='word_1_41' title='bbox 1121 1076 1236 1123; x_wconf 90' lang='lat' dir='ltr'>sunt</span> <span class='ocrx_word' id='word_1_42' title='bbox 1275 1075 1624 1138; x_wconf 87' lang='lat' dir='ltr'>epilegomenis</span> <span class='ocrx_word' id='word_1_43' title='bbox 1662 1075 1829 1136; x_wconf 91' lang='lat' dir='ltr'>potius</span> 
     </span>
     <span class='ocr_line' id='line_1_7' title="bbox 149 1149 1830 1214; baseline -0.001 -16"><span class='ocrx_word' id='word_1_44' title='bbox 149 1167 297 1213; x_wconf 89' lang='lat' dir='ltr'>quam</span> <span class='ocrx_word' id='word_1_45' title='bbox 327 1151 684 1214; x_wconf 81' lang='lat' dir='ltr'>prolegomenis</span> <span class='ocrx_word' id='word_1_46' title='bbox 723 1150 1068 1198; x_wconf 91' lang='lat' dir='ltr'>commissurus</span> <span class='ocrx_word' id='word_1_47' title='bbox 1107 1150 1199 1198; x_wconf 88' lang='lat' dir='ltr'>sim</span> <span class='ocrx_word' id='word_1_48' title='bbox 1236 1149 1321 1196; x_wconf 89' lang='lat' dir='ltr'>ubi</span> <span class='ocrx_word' id='word_1_49' title='bbox 1360 1152 1494 1198; x_wconf 92' lang='lat' dir='ltr'>totus</span> <span class='ocrx_word' id='word_1_50' title='bbox 1532 1150 1696 1197; x_wconf 88' lang='lat' dir='ltr'>textus</span> <span class='ocrx_word' id='word_1_51' title='bbox 1730 1149 1830 1196; x_wconf 88' lang='lat' dir='ltr'>edi-</span> 
     </span>
     <span class='ocr_line' id='line_1_8' title="bbox 147 1223 1829 1287; baseline -0.001 -15"><span class='ocrx_word' id='word_1_52' title='bbox 147 1225 298 1273; x_wconf 88' lang='lat' dir='ltr'>tionis</span> <span class='ocrx_word' id='word_1_53' title='bbox 339 1225 668 1287; x_wconf 75' lang='lat' dir='ltr'>comparuerit</span> <span class='ocrx_word' id='word_1_54' title='bbox 705 1223 988 1286; x_wconf 88' lang='lat' dir='ltr'>prodituris.</span> <span class='ocrx_word' id='word_1_55' title='bbox 1049 1224 1178 1271; x_wconf 87' lang='lat' dir='ltr'>Nam</span> <span class='ocrx_word' id='word_1_56' title='bbox 1218 1239 1347 1271; x_wconf 92' lang='lat' dir='ltr'>nunc</span> <span class='ocrx_word' id='word_1_57' title='bbox 1386 1226 1499 1271; x_wconf 88' lang='lat' dir='ltr'>ante</span> <span class='ocrx_word' id='word_1_58' title='bbox 1533 1223 1696 1272; x_wconf 86' lang='grc'><strong>01111113</strong></span> <span class='ocrx_word' id='word_1_59' title='bbox 1727 1225 1829 1270; x_wconf 89' lang='lat' dir='ltr'>tex-</span> 
     </span>
     <span class='ocr_line' id='line_1_9' title="bbox 148 1298 714 1347; baseline -0.004 -1"><span class='ocrx_word' id='word_1_60' title='bbox 148 1301 256 1346; x_wconf 91' lang='lat' dir='ltr'>tum</span> <span class='ocrx_word' id='word_1_61' title='bbox 295 1298 560 1347; x_wconf 89' lang='lat' dir='ltr'>desiderari</span> <span class='ocrx_word' id='word_1_62' title='bbox 602 1299 714 1347; x_wconf 88' lang='lat' dir='ltr'>scio.</span> 
     </span>
    </p>

    <p class='ocr_par' dir='ltr' id='par_1_3' title="bbox 146 1371 1831 2325">
     <span class='ocr_line' id='line_1_10' title="bbox 258 1371 1830 1435; baseline -0.001 -15"><span class='ocrx_word' id='word_1_63' title='bbox 258 1372 419 1435; x_wconf 86' lang='lat' dir='ltr'>Opera</span> <span class='ocrx_word' id='word_1_64' title='bbox 449 1373 647 1420; x_wconf 85' lang='lat' dir='ltr'>Libanii</span> <span class='ocrx_word' id='word_1_65' title='bbox 683 1389 781 1421; x_wconf 92' lang='lat' dir='ltr'>non</span> <span class='ocrx_word' id='word_1_66' title='bbox 821 1372 980 1420; x_wconf 88' lang='lat' dir='ltr'>solum</span> <span class='ocrx_word' id='word_1_67' title='bbox 1015 1373 1158 1420; x_wconf 88' lang='lat' dir='ltr'>tanto</span> <span class='ocrx_word' id='word_1_68' title='bbox 1198 1371 1402 1433; x_wconf 81' lang='lat' dir='ltr'>ambitu,</span> <span class='ocrx_word' id='word_1_69' title='bbox 1441 1372 1526 1420; x_wconf 89' lang='lat' dir='ltr'>sed</span> <span class='ocrx_word' id='word_1_70' title='bbox 1565 1372 1714 1420; x_wconf 85' lang='lat' dir='ltr'>etiam</span> <span class='ocrx_word' id='word_1_71' title='bbox 1753 1372 1830 1419; x_wconf 94' lang='lat' dir='ltr'>tot</span> 
     </span>
     <span class='ocr_line' id='line_1_11' title="bbox 149 1445 1831 1509; baseline -0.002 -14"><span class='ocrx_word' id='word_1_72' title='bbox 149 1447 265 1495; x_wconf 89' lang='lat' dir='ltr'>sunt</span> <span class='ocrx_word' id='word_1_73' title='bbox 294 1463 512 1508; x_wconf 92' lang='lat' dir='ltr'>numero,</span> <span class='ocrx_word' id='word_1_74' title='bbox 543 1449 600 1495; x_wconf 91' lang='lat' dir='ltr'>ut</span> <span class='ocrx_word' id='word_1_75' title='bbox 631 1447 783 1495; x_wconf 81' lang='lat' dir='ltr'>codex</span> <span class='ocrx_word' id='word_1_76' title='bbox 813 1447 901 1509; x_wconf 89' lang='lat' dir='ltr'>qui</span> <span class='ocrx_word' id='word_1_77' title='bbox 933 1447 1110 1494; x_wconf 88' lang='lat' dir='ltr'>cuncta</span> <span class='ocrx_word' id='word_1_78' title='bbox 1141 1447 1498 1509; x_wconf 70' lang='lat' dir='ltr'>complectatur</span> <span class='ocrx_word' id='word_1_79' title='bbox 1528 1463 1588 1494; x_wconf 92' lang='lat' dir='ltr'>ne</span> <span class='ocrx_word' id='word_1_80' title='bbox 1620 1445 1831 1509; x_wconf 90' lang='lat' dir='ltr'>cogitari</span> 
     </span>
     <span class='ocr_line' id='line_1_12' title="bbox 150 1520 1830 1584; baseline -0.001 -16"><span class='ocrx_word' id='word_1_81' title='bbox 150 1521 349 1583; x_wconf 87' lang='lat' dir='ltr'>quidem</span> <span class='ocrx_word' id='word_1_82' title='bbox 387 1521 558 1584; x_wconf 90' lang='lat' dir='ltr'>possit.</span> <span class='ocrx_word' id='word_1_83' title='bbox 626 1521 948 1569; x_wconf 87' lang='lat' dir='ltr'>Narrationes</span> <span class='ocrx_word' id='word_1_84' title='bbox 988 1520 1132 1582; x_wconf 90' lang='lat' dir='ltr'>enim,</span> <span class='ocrx_word' id='word_1_85' title='bbox 1171 1520 1386 1581; x_wconf 85' lang='lat' dir='ltr'>fabulae,</span> <span class='ocrx_word' id='word_1_86' title='bbox 1426 1521 1665 1582; x_wconf 79' lang='lat' dir='ltr'>epistulae</span> <span class='ocrx_word' id='word_1_87' title='bbox 1705 1535 1830 1582; x_wconf 85' lang='lat' dir='ltr'>quae</span> 
     </span>
     <span class='ocr_line' id='line_1_13' title="bbox 149 1594 1831 1658; baseline -0.001 -16"><span class='ocrx_word' id='word_1_88' title='bbox 149 1597 253 1643; x_wconf 89' lang='lat' dir='ltr'>eius</span> <span class='ocrx_word' id='word_1_89' title='bbox 304 1598 419 1644; x_wconf 89' lang='lat' dir='ltr'>sunt</span> <span class='ocrx_word' id='word_1_90' title='bbox 467 1596 547 1644; x_wconf 86' lang='lat' dir='ltr'>vel</span> <span class='ocrx_word' id='word_1_91' title='bbox 598 1611 700 1644; x_wconf 90' lang='lat' dir='ltr'>esse</span> <span class='ocrx_word' id='word_1_92' title='bbox 754 1597 980 1643; x_wconf 86' lang='lat' dir='ltr'>feruntur</span> <span class='ocrx_word' id='word_1_93' title='bbox 1031 1596 1073 1643; x_wconf 93' lang='lat' dir='ltr'>si</span> <span class='ocrx_word' id='word_1_94' title='bbox 1122 1594 1416 1658; x_wconf 86' lang='lat' dir='ltr'>singillatim</span> <span class='ocrx_word' id='word_1_95' title='bbox 1466 1595 1831 1657; x_wconf 87' lang='lat' dir='ltr'>computantur,</span> 
     </span>
     <span class='ocr_line' id='line_1_14' title="bbox 147 1668 1831 1732; baseline -0.001 -16"><span class='ocrx_word' id='word_1_96' title='bbox 147 1685 380 1718; x_wconf 87' lang='lat' dir='ltr'>numerus</span> <span class='ocrx_word' id='word_1_97' title='bbox 412 1671 703 1732; x_wconf 87' lang='lat' dir='ltr'>scriptorum</span> <span class='ocrx_word' id='word_1_98' title='bbox 737 1685 978 1718; x_wconf 91' lang='lat' dir='ltr'>summam</span> <span class='ocrx_word' id='word_1_99' title='bbox 1001 1669 1210 1717; x_wconf 89' lang='lat' dir='ltr'>duorum</span> <span class='ocrx_word' id='word_1_100' title='bbox 1232 1669 1444 1716; x_wconf 89' lang='lat' dir='ltr'>millium</span> <span class='ocrx_word' id='word_1_101' title='bbox 1469 1669 1670 1717; x_wconf 86' lang='lat' dir='ltr'>excedit.</span> <span class='ocrx_word' id='word_1_102' title='bbox 1710 1668 1831 1716; x_wconf 90' lang='lat' dir='ltr'>Inde</span> 
     </span>
     <span class='ocr_line' id='line_1_15' title="bbox 146 1741 1830 1807; baseline 0 -17"><span class='ocrx_word' id='word_1_103' title='bbox 146 1743 303 1807; x_wconf 87' lang='lat' dir='ltr'>igitur</span> <span class='ocrx_word' id='word_1_104' title='bbox 356 1743 415 1791; x_wconf 88' lang='lat' dir='ltr'>ab</span> <span class='ocrx_word' id='word_1_105' title='bbox 469 1744 614 1792; x_wconf 89' lang='lat' dir='ltr'>initio</span> <span class='ocrx_word' id='word_1_106' title='bbox 669 1760 726 1791; x_wconf 90' lang='lat' dir='ltr'>ea</span> <span class='ocrx_word' id='word_1_107' title='bbox 774 1744 827 1791; x_wconf 89' lang='lat' dir='ltr'>in</span> <span class='ocrx_word' id='word_1_108' title='bbox 879 1746 979 1791; x_wconf 89' lang='lat' dir='ltr'>tres</span> <span class='ocrx_word' id='word_1_109' title='bbox 1034 1743 1193 1792; x_wconf 89' lang='lat' dir='ltr'>divisa</span> <span class='ocrx_word' id='word_1_110' title='bbox 1243 1758 1346 1792; x_wconf 90' lang='lat' dir='ltr'>esse</span> <span class='ocrx_word' id='word_1_111' title='bbox 1399 1745 1588 1806; x_wconf 86' lang='lat' dir='ltr'>partes:</span> <span class='ocrx_word' id='word_1_112' title='bbox 1637 1741 1830 1807; x_wconf 78' lang='grc' dir='ltr'>λόγους,</span> 
     </span>
     <span class='ocr_line' id='line_1_16' title="bbox 150 1815 1830 1882; baseline -0.001 -17"><span class='ocrx_word' id='word_1_113' title='bbox 150 1815 359 1882; x_wconf 78' lang='grc' dir='ltr'><strong>μελέτας,</strong></span> <span class='ocrx_word' id='word_1_114' title='bbox 398 1815 649 1876; x_wconf 79' lang='grc' dir='ltr'><strong>ἐπιστολάς</strong></span> <span class='ocrx_word' id='word_1_115' title='bbox 687 1819 832 1866; x_wconf 89' lang='lat' dir='ltr'>facile</span> <span class='ocrx_word' id='word_1_116' title='bbox 863 1818 1186 1881; x_wconf 84' lang='lat' dir='ltr'>intellegitur.</span> <span class='ocrx_word' id='word_1_117' title='bbox 1249 1818 1462 1865; x_wconf 83' lang='lat' dir='ltr'>Exstant</span> <span class='ocrx_word' id='word_1_118' title='bbox 1494 1832 1609 1865; x_wconf 88' lang='lat' dir='ltr'>sane</span> <span class='ocrx_word' id='word_1_119' title='bbox 1641 1816 1830 1864; x_wconf 87' lang='lat' dir='ltr'>codices</span> 
     </span>
     <span class='ocr_line' id='line_1_17' title="bbox 152 1890 1831 1956; baseline 0 -18"><span class='ocrx_word' id='word_1_120' title='bbox 152 1891 327 1952; x_wconf 89' lang='lat' dir='ltr'>quibus</span> <span class='ocrx_word' id='word_1_121' title='bbox 359 1907 510 1952; x_wconf 88' lang='lat' dir='ltr'>opera</span> <span class='ocrx_word' id='word_1_122' title='bbox 538 1892 691 1940; x_wconf 89' lang='lat' dir='ltr'>trium</span> <span class='ocrx_word' id='word_1_123' title='bbox 722 1908 956 1956; x_wconf 88' lang='lat' dir='ltr'>generum</span> <span class='ocrx_word' id='word_1_124' title='bbox 988 1893 1269 1940; x_wconf 87' lang='lat' dir='ltr'>consociata</span> <span class='ocrx_word' id='word_1_125' title='bbox 1301 1891 1414 1953; x_wconf 86' lang='lat' dir='ltr'>sint,</span> <span class='ocrx_word' id='word_1_126' title='bbox 1445 1893 1503 1939; x_wconf 92' lang='lat' dir='ltr'>ut</span> <span class='ocrx_word' id='word_1_127' title='bbox 1532 1890 1831 1938; x_wconf 86' lang='lat' dir='ltr'>Barberinus</span> 
     </span>
     <span class='ocr_line' id='line_1_18' title="bbox 149 1964 1830 2029; baseline 0 -17"><span class='ocrx_word' id='word_1_128' title='bbox 149 1964 200 2012; x_wconf 90' lang='lat' dir='ltr'>H</span> <span class='ocrx_word' id='word_1_129' title='bbox 231 1967 317 2026; x_wconf 88' lang='lat'>41,</span> <span class='ocrx_word' id='word_1_130' title='bbox 355 1965 627 2014; x_wconf 87' lang='lat' dir='ltr'>Vaticanus</span> <span class='ocrx_word' id='word_1_131' title='bbox 660 1982 730 2029; x_wconf 87' lang='lat' dir='ltr'>gr.</span> <span class='ocrx_word' id='word_1_132' title='bbox 765 1967 849 2027; x_wconf 84' lang='lat'>82,</span> <span class='ocrx_word' id='word_1_133' title='bbox 888 1966 973 2014; x_wconf 93' lang='lat' dir='ltr'>sed</span> <span class='ocrx_word' id='word_1_134' title='bbox 1010 1965 1064 2013; x_wconf 87' lang='lat' dir='ltr'>hi</span> <span class='ocrx_word' id='word_1_135' title='bbox 1100 1982 1200 2013; x_wconf 92' lang='lat' dir='ltr'>non</span> <span class='ocrx_word' id='word_1_136' title='bbox 1240 1966 1472 2028; x_wconf 85' lang='lat' dir='ltr'>syllogas,</span> <span class='ocrx_word' id='word_1_137' title='bbox 1512 1964 1596 2013; x_wconf 91' lang='lat' dir='ltr'>sed</span> <span class='ocrx_word' id='word_1_138' title='bbox 1637 1965 1830 2029; x_wconf 85' lang='lat' dir='ltr'>eclogas</span> 
     </span>
     <span class='ocr_line' id='line_1_19' title="bbox 152 2038 1831 2088; baseline 0.001 -2"><span class='ocrx_word' id='word_1_139' title='bbox 152 2039 382 2087; x_wconf 89' lang='lat' dir='ltr'>exhibent</span> <span class='ocrx_word' id='word_1_140' title='bbox 414 2042 463 2086; x_wconf 85' lang='lat' dir='ltr'>et</span> <span class='ocrx_word' id='word_1_141' title='bbox 495 2040 672 2087; x_wconf 86' lang='lat' dir='ltr'>aetatis</span> <span class='ocrx_word' id='word_1_142' title='bbox 704 2042 820 2087; x_wconf 90' lang='lat' dir='ltr'>sunt</span> <span class='ocrx_word' id='word_1_143' title='bbox 848 2040 1146 2088; x_wconf 85' lang='lat' dir='ltr'>recentioris.</span> <span class='ocrx_word' id='word_1_144' title='bbox 1203 2038 1299 2087; x_wconf 85' lang='lat' dir='ltr'>Sed</span> <span class='ocrx_word' id='word_1_145' title='bbox 1323 2041 1475 2087; x_wconf 89' lang='lat' dir='ltr'>etiam</span> <span class='ocrx_word' id='word_1_146' title='bbox 1501 2039 1831 2088; x_wconf 86' lang='lat' dir='ltr'>diversissima</span> 
     </span>
     <span class='ocr_line' id='line_1_20' title="bbox 148 2113 1831 2178; baseline 0.001 -18"><span class='ocrx_word' id='word_1_147' title='bbox 148 2113 247 2160; x_wconf 88' lang='lat' dir='ltr'>fuit</span> <span class='ocrx_word' id='word_1_148' title='bbox 299 2114 500 2161; x_wconf 89' lang='lat' dir='ltr'>fortuna</span> <span class='ocrx_word' id='word_1_149' title='bbox 555 2114 861 2178; x_wconf 82' lang='lat' dir='ltr'>singulorum</span> <span class='ocrx_word' id='word_1_150' title='bbox 915 2115 1280 2176; x_wconf 83' lang='lat' dir='ltr'>opusculorum:</span> <span class='ocrx_word' id='word_1_151' title='bbox 1346 2113 1446 2161; x_wconf 89' lang='lat' dir='ltr'>alia</span> <span class='ocrx_word' id='word_1_152' title='bbox 1507 2113 1831 2175; x_wconf 88' lang='lat' dir='ltr'>splendebant</span> 
     </span>
     <span class='ocr_line' id='line_1_21' title="bbox 151 2187 1830 2250; baseline 0 -16"><span class='ocrx_word' id='word_1_153' title='bbox 151 2187 270 2235; x_wconf 87' lang='lat' dir='ltr'>viris</span> <span class='ocrx_word' id='word_1_154' title='bbox 312 2188 490 2250; x_wconf 86' lang='lat' dir='ltr'>doctis,</span> <span class='ocrx_word' id='word_1_155' title='bbox 539 2189 637 2235; x_wconf 86' lang='lat' dir='ltr'>alia</span> <span class='ocrx_word' id='word_1_156' title='bbox 677 2188 952 2236; x_wconf 90' lang='lat' dir='ltr'>sordebant.</span> <span class='ocrx_word' id='word_1_157' title='bbox 1029 2189 1125 2236; x_wconf 86' lang='lat' dir='ltr'>Illa</span> <span class='ocrx_word' id='word_1_158' title='bbox 1173 2187 1452 2250; x_wconf 83' lang='lat' dir='ltr'>permultis,</span> <span class='ocrx_word' id='word_1_159' title='bbox 1503 2188 1622 2235; x_wconf 88' lang='lat' dir='ltr'>haec</span> <span class='ocrx_word' id='word_1_160' title='bbox 1660 2187 1830 2250; x_wconf 88' lang='lat' dir='ltr'>paucis</span> 
     </span>
     <span class='ocr_line' id='line_1_22' title="bbox 149 2261 1755 2325; baseline -0.001 -16"><span class='ocrx_word' id='word_1_161' title='bbox 149 2261 228 2309; x_wconf 86' lang='lat' dir='ltr'>vel</span> <span class='ocrx_word' id='word_1_162' title='bbox 267 2262 473 2325; x_wconf 88' lang='lat' dir='ltr'>singulis</span> <span class='ocrx_word' id='word_1_163' title='bbox 512 2262 760 2310; x_wconf 88' lang='lat' dir='ltr'>codicibus</span> <span class='ocrx_word' id='word_1_164' title='bbox 800 2262 863 2309; x_wconf 90' lang='lat' dir='ltr'>ad</span> <span class='ocrx_word' id='word_1_165' title='bbox 901 2264 1123 2310; x_wconf 85' lang='lat' dir='ltr'>nostram</span> <span class='ocrx_word' id='word_1_166' title='bbox 1161 2264 1375 2311; x_wconf 88' lang='lat' dir='ltr'>aetatem</span> <span class='ocrx_word' id='word_1_167' title='bbox 1413 2264 1755 2323; x_wconf 86' lang='lat' dir='ltr'>pervenerunt.</span> 
     </span>
    </p>

    <p class='ocr_par' dir='ltr' id='par_1_4' title="bbox 151 2330 1846 2473">
     <span class='ocr_line' id='line_1_23' title="bbox 259 2330 1830 2403; baseline 0.001 -21"><span class='ocrx_word' id='word_1_168' title='bbox 259 2330 686 2403; x_wconf 76' lang='lat' dir='ltr'>Multitudinem1)</span> <span class='ocrx_word' id='word_1_169' title='bbox 728 2352 930 2398; x_wconf 90' lang='lat' dir='ltr'>operum</span> <span class='ocrx_word' id='word_1_170' title='bbox 969 2338 1150 2398; x_wconf 86' lang='lat' dir='ltr'>aequat</span> <span class='ocrx_word' id='word_1_171' title='bbox 1187 2351 1416 2385; x_wconf 85' lang='lat' dir='ltr'>numerus</span> <span class='ocrx_word' id='word_1_172' title='bbox 1455 2336 1698 2396; x_wconf 86' lang='lat' dir='ltr'>codicum,</span> <span class='ocrx_word' id='word_1_173' title='bbox 1746 2336 1830 2398; x_wconf 92' lang='lat' dir='ltr'>qui</span> 
     </span>
     <span class='ocr_line' id='line_1_24' title="bbox 151 2410 1846 2473; baseline 0.002 -18"><span class='ocrx_word' id='word_1_174' title='bbox 151 2424 180 2455; x_wconf 89' lang='lat' dir='ltr'>a</span> <span class='ocrx_word' id='word_1_175' title='bbox 221 2410 502 2473; x_wconf 84' lang='lat' dir='ltr'>quingentis</span> <span class='ocrx_word' id='word_1_176' title='bbox 553 2426 651 2459; x_wconf 91' lang='lat' dir='ltr'>non</span> <span class='ocrx_word' id='word_1_177' title='bbox 700 2411 773 2458; x_wconf 89' lang='lat' dir='ltr'>ita</span> <span class='ocrx_word' id='word_1_178' title='bbox 822 2410 1035 2458; x_wconf 88' lang='lat' dir='ltr'>multum</span> <span class='ocrx_word' id='word_1_179' title='bbox 1086 2410 1236 2459; x_wconf 89' lang='lat' dir='ltr'>abest.</span> <span class='ocrx_word' id='word_1_180' title='bbox 1312 2410 1535 2472; x_wconf 88' lang='lat' dir='ltr'>Dispersi</span> <span class='ocrx_word' id='word_1_181' title='bbox 1583 2413 1699 2459; x_wconf 89' lang='lat' dir='ltr'>sunt</span> <span class='ocrx_word' id='word_1_182' title='bbox 1743 2426 1846 2472; x_wconf 73' lang='lat' dir='ltr'>per.</span> 
     </span>
    </p>
   </div>
   <div class='ocr_carea' id='block_1_3' title="bbox 156 2509 509 2515">
    <p class='ocr_par' dir='ltr' id='par_1_5' title="bbox 156 2509 509 2515">
     <span class='ocr_line' id='line_1_25' title="bbox 156 2509 509 2515; baseline 0 0"><span class='ocrx_word' id='word_1_183' title='bbox 156 2509 509 2515; x_wconf 95' lang='lat' dir='ltr'> </span> 
     </span>
    </p>
   </div>
   <div class='ocr_carea' id='block_1_4' title="bbox 151 2564 1831 2975">
    <p class='ocr_par' dir='ltr' id='par_1_6' title="bbox 151 2564 1831 2975">
     <span class='ocr_line' id='line_1_26' title="bbox 273 2564 1829 2623; baseline 0.001 -16"><span class='ocrx_word' id='word_1_184' title='bbox 273 2566 315 2621; x_wconf 83' lang='lat'>1)</span> <span class='ocrx_word' id='word_1_185' title='bbox 347 2564 569 2609; x_wconf 86' lang='lat' dir='ltr'>Libanius</span> <span class='ocrx_word' id='word_1_186' title='bbox 600 2565 701 2623; x_wconf 87' lang='lat' dir='ltr'>ipse</span> <span class='ocrx_word' id='word_1_187' title='bbox 733 2565 947 2610; x_wconf 84' lang='lat' dir='ltr'>Antioch.</span> <span class='ocrx_word' id='word_1_188' title='bbox 982 2567 1061 2622; x_wconf 88' lang='lat' dir='ltr'>(or.</span> <span class='ocrx_word' id='word_1_189' title='bbox 1087 2565 1166 2623; x_wconf 81' lang='lat' dir='ltr'>XI)</span> <span class='ocrx_word' id='word_1_190' title='bbox 1199 2571 1223 2620; x_wconf 68' lang='grc' dir='ltr'>ξ</span> <span class='ocrx_word' id='word_1_191' title='bbox 1258 2571 1280 2609; x_wconf 97' lang='grc'>1</span> <span class='ocrx_word' id='word_1_192' title='bbox 1314 2565 1515 2622; x_wconf 85' lang='lat' dir='ltr'>plurima</span> <span class='ocrx_word' id='word_1_193' title='bbox 1548 2579 1596 2610; x_wconf 88' lang='lat' dir='ltr'>se</span> <span class='ocrx_word' id='word_1_194' title='bbox 1628 2566 1829 2615; x_wconf 81' lang='lat' dir='ltr'>omnium</span> 
     </span>
     <span class='ocr_line' id='line_1_27' title="bbox 152 2624 1830 2683; baseline 0.001 -17"><span class='ocrx_word' id='word_1_195' title='bbox 152 2624 418 2679; x_wconf 83' lang='lat' dir='ltr'>aequalium</span> <span class='ocrx_word' id='word_1_196' title='bbox 457 2625 630 2681; x_wconf 85' lang='lat' dir='ltr'>scripta</span> <span class='ocrx_word' id='word_1_197' title='bbox 670 2625 933 2669; x_wconf 86' lang='lat' dir='ltr'>condidisse</span> <span class='ocrx_word' id='word_1_198' title='bbox 971 2625 1200 2683; x_wconf 88' lang='lat' dir='ltr'>gloriatur</span> <span class='ocrx_word' id='word_1_199' title='bbox 1237 2625 1418 2669; x_wconf 91' lang='lat' dir='ltr'>omissis</span> <span class='ocrx_word' id='word_1_200' title='bbox 1450 2624 1664 2682; x_wconf 85' lang='lat' dir='ltr'>epistulis</span> <span class='ocrx_word' id='word_1_201' title='bbox 1696 2638 1751 2669; x_wconf 86' lang='lat' dir='ltr'>ea</span> <span class='ocrx_word' id='word_1_202' title='bbox 1781 2625 1830 2667; x_wconf 90' lang='lat' dir='ltr'>in</span> 
     </span>
     <span class='ocr_line' id='line_1_28' title="bbox 152 2682 1830 2743; baseline 0.001 -18"><span class='ocrx_word' id='word_1_203' title='bbox 152 2683 246 2726; x_wconf 90' lang='lat' dir='ltr'>tres</span> <span class='ocrx_word' id='word_1_204' title='bbox 279 2682 448 2727; x_wconf 84' lang='lat' dir='ltr'>classes</span> <span class='ocrx_word' id='word_1_205' title='bbox 472 2682 654 2742; x_wconf 83' lang='grc' dir='ltr'><strong>(λόγους</strong></span> <span class='ocrx_word' id='word_1_206' title='bbox 682 2684 1013 2738; x_wconf 80' lang='grc' dir='ltr'><strong>ἐπαινετικούς,</strong></span> <span class='ocrx_word' id='word_1_207' title='bbox 1038 2684 1464 2743; x_wconf 81' lang='grc' dir='ltr'><strong>συμβουλευτικούς,</strong></span> <span class='ocrx_word' id='word_1_208' title='bbox 1487 2682 1688 2741; x_wconf 76' lang='grc' dir='ltr'><strong>μελέτας)</strong></span> <span class='ocrx_word' id='word_1_209' title='bbox 1713 2683 1830 2727; x_wconf 91' lang='lat' dir='ltr'>divi-</span> 
     </span>
     <span class='ocr_line' id='line_1_29' title="bbox 152 2741 1831 2801; baseline 0.002 -18"><span class='ocrx_word' id='word_1_210' title='bbox 152 2741 266 2784; x_wconf 83' lang='lat' dir='ltr'>dens</span> <span class='ocrx_word' id='word_1_211' title='bbox 304 2744 507 2798; x_wconf 77' lang='grc' dir='ltr'><strong>(πλεῖστα</strong></span> <span class='ocrx_word' id='word_1_212' title='bbox 548 2742 605 2799; x_wconf 78' lang='grc' dir='ltr'>δὴ</span> <span class='ocrx_word' id='word_1_213' title='bbox 644 2751 736 2788; x_wconf 87' lang='grc' dir='ltr'>τῶν</span> <span class='ocrx_word' id='word_1_214' title='bbox 775 2750 862 2787; x_wconf 83' lang='grc' dir='ltr'>νῦν</span> <span class='ocrx_word' id='word_1_215' title='bbox 903 2743 1049 2788; x_wconf 85' lang='grc' dir='ltr'><strong>ὄντων</strong></span> <span class='ocrx_word' id='word_1_216' title='bbox 1081 2743 1411 2801; x_wconf 81' lang='grc' dir='ltr'><strong>συγγράμματα</strong></span> <span class='ocrx_word' id='word_1_217' title='bbox 1450 2744 1714 2800; x_wconf 80' lang='grc' dir='ltr'><strong>πεποιηκὼς</strong></span> <span class='ocrx_word' id='word_1_218' title='bbox 1751 2743 1831 2787; x_wconf 80' lang='grc' dir='ltr'>καὶ</span> 
     </span>
     <span class='ocr_line' id='line_1_30' title="bbox 151 2799 1830 2861; baseline 0.002 -19"><span class='ocrx_word' id='word_1_219' title='bbox 151 2800 259 2850; x_wconf 82' lang='grc' dir='ltr'><strong>τοὺς</strong></span> <span class='ocrx_word' id='word_1_220' title='bbox 288 2800 372 2857; x_wconf 81' lang='grc' dir='ltr'>μὲν</span> <span class='ocrx_word' id='word_1_221' title='bbox 404 2800 664 2857; x_wconf 81' lang='grc' dir='ltr'><strong>ἐπαινέσας,</strong></span> <span class='ocrx_word' id='word_1_222' title='bbox 695 2810 793 2853; x_wconf 80' lang='grc' dir='ltr'><strong>τοῖς</strong></span> <span class='ocrx_word' id='word_1_223' title='bbox 823 2803 874 2847; x_wconf 77' lang='grc' dir='ltr'>δὲ</span> <span class='ocrx_word' id='word_1_224' title='bbox 908 2803 1269 2861; x_wconf 80' lang='grc' dir='ltr'><strong>συμβουλεύσας,</strong></span> <span class='ocrx_word' id='word_1_225' title='bbox 1303 2803 1386 2846; x_wconf 81' lang='grc' dir='ltr'>οὐκ</span> <span class='ocrx_word' id='word_1_226' title='bbox 1419 2799 1550 2859; x_wconf 80' lang='grc' dir='ltr'><strong>ὀλίγα</strong></span> <span class='ocrx_word' id='word_1_227' title='bbox 1581 2802 1632 2846; x_wconf 81' lang='grc' dir='ltr'>δὲ</span> <span class='ocrx_word' id='word_1_228' title='bbox 1665 2802 1830 2860; x_wconf 86' lang='grc' dir='ltr'><strong>ἠγωνι-</strong></span> 
     </span>
     <span class='ocr_line' id='line_1_31' title="bbox 152 2857 1831 2975; baseline 0.002 -73"><span class='ocrx_word' id='word_1_229' title='bbox 152 2857 397 2975; x_wconf 54' lang='grc' dir='ltr'><strong>σὲιένος)ἐν</strong></span> <span class='ocrx_word' id='word_1_230' title='bbox 428 2859 688 2917; x_wconf 78' lang='grc' dir='ltr'><strong>πλάσμασιν</strong></span> <span class='ocrx_word' id='word_1_231' title='bbox 714 2860 780 2913; x_wconf 78' lang='grc' dir='ltr'>εἴς</span> <span class='ocrx_word' id='word_1_232' title='bbox 809 2877 859 2919; x_wconf 88' lang='grc' dir='ltr'>γε</span> <span class='ocrx_word' id='word_1_233' title='bbox 889 2862 972 2906; x_wconf 84' lang='grc' dir='ltr'>τὸν</span> <span class='ocrx_word' id='word_1_234' title='bbox 1002 2869 1082 2919; x_wconf 85' lang='grc' dir='ltr'>τῆς</span> <span class='ocrx_word' id='word_1_235' title='bbox 1113 2861 1385 2919; x_wconf 73' lang='grc' dir='ltr'><strong>ἐνεγκούσης</strong></span> <span class='ocrx_word' id='word_1_236' title='bbox 1417 2861 1610 2906; x_wconf 82' lang='grc' dir='ltr'><strong>ἔπαινον</strong></span> <span class='ocrx_word' id='word_1_237' title='bbox 1640 2861 1831 2917; x_wconf 79' lang='grc' dir='ltr'><strong>ἄφωνος</strong></span> 
     </span>
     <span class='ocr_line' id='line_1_32' title="bbox 151 2933 349 2974; baseline 0 -13"><span class='ocrx_word' id='word_1_238' title='bbox 151 2933 178 2974; x_wconf 75' lang='lat' dir='ltr'><em>y</em></span> <span class='ocrx_word' id='word_1_239' title='bbox 203 2933 318 2974; x_wconf 85' lang='grc' dir='ltr'><strong>γονα</strong></span> <span class='ocrx_word' id='word_1_240' title='bbox 341 2954 349 2961; x_wconf 94' lang='grc'><strong>.</strong></span> 
     </span>
    </p>
   </div>
  </div>
 </body>
</html>
