2026 3168
698 161 926 206 LIBANH
955 160 1298 206 ORATIONES
1735 162 1836 214 141

152 299 256 368 μὲν
308 297 432 369 παρ’
495 298 650 367 ἡμῶν
703 297 988 368 πρέσβεων
1041 296 1108 350 οὐ
1163 295 1278 366 μετ’
1340 296 1486 366 έμῶν
1542 297 1616 360 ὡς
1669 297 1842 349 αὐτὸν

156 389 402 457 ἡκόντων
447 386 782 456 γραμμάτων
826 388 1030 455 ἤλγησε
1076 383 1168 438 καὶ
1215 381 1257 438 ὦ
1298 383 1662 455 Ἡράκλεις,
1715 384 1841 454 ἔφη,

154 476 184 530 ὁ
233 478 388 538 τοὺς
443 475 508 528 ἐκ
562 482 676 528 τοῦ
732 476 1014 544 γράφειν
1066 474 1428 540 ὑπομείνας
1480 475 1842 537 κινδύνους

154 564 225 618 ἐν
278 564 601 634 ἀσφαλείᾳ
656 570 820 633 σιγᾷ.
896 571 993 632 τῆς
1032 563 1198 632 δεῦρο
1249 563 1310 615 δὲ
1355 562 1492 615 ὁδοῦ
1538 563 1630 615 καὶ
1678 571 1842 615 τοῦτο

154 652 348 723 κέρδος
386 653 679 721 ὠνόμαζεν,
720 653 768 705 εἰ
807 651 900 721 ἐμέ
938 671 996 704 τε
1030 652 1141 704 ἴδοι
1180 650 1272 704 καὶ
1304 650 1536 704 ἀκούσαι
1569 650 1842 720 λέγοντος.
1891 673 1910 705 5

154 741 245 795 καὶ
293 740 374 794 ἐπ’
429 741 615 794 αὐτῶν
660 742 728 810 δὴ
774 750 888 793 τῶν
934 741 1083 811 ὅρων
1129 738 1216 792 ἐπὶ
1263 749 1358 809 τῆς
1403 741 1622 810 πρώτης
1665 742 1844 804 ὅψεως

154 839 379 901 πρῶτον
409 837 574 883 τοῦτο
608 828 938 898 ἐφθέγξατο·
970 831 1123 883 πότε
1154 828 1597 899 ἄκουσόμεθα;
1626 828 1632 899 Ι
1660 828 1689 883 ὁ
1723 829 1786 882 δὲ
1815 842 1932 886 R82

155 918 568 987 ἀνταγωνιστὴς
624 918 830 980 ἐκεῖνος
883 918 987 986 ἤδη
1042 914 1112 986 ἦν
1166 923 1311 970 οἴκοι
1364 921 1700 986 τεθνηκυίας
1745 915 1846 984 μὲν

157 1008 307 1080 αὐτῷ
340 1015 438 1075 τῆς
475 1009 756 1075 γυναικός,
795 1006 1125 1075 θυγατέρων
1165 1003 1225 1059 δὲ
1263 1007 1484 1076 ὡραίων
1521 1007 1701 1075 γάμου
1733 1015 1846 1059 τῶν

158 1096 373 1150 ἐκείνου
414 1096 695 1162 δεομένων
730 1095 1059 1164 ὀφθαλμῶν,
1092 1093 1304 1162 ἐλέγετο
1338 1094 1415 1163 δέ,
1447 1095 1521 1157 ὡς
1551 1095 1641 1148 καὶ
1676 1096 1846 1164 ζώσης
1871 1117 1914 1149 ιο

159 1193 255 1254 τῆς
293 1185 556 1253 γυναικὸς
594 1183 760 1257 ᾤχετο
801 1185 884 1236 ἄν.

274 1274 393 1329 121.
428 1271 483 1325 Ὁ
520 1275 717 1326 τοίνυν
754 1274 1014 1341 βασιλεὺς
1052 1274 1348 1342 προοίμιον
1385 1272 1488 1340 μὲν
1524 1282 1636 1325 τῶν
1667 1275 1848 1340 λόγων

158 1361 286 1416 καθ’
334 1361 569 1430 ἑκάστην
607 1361 844 1414 ἐποιεῖτο
883 1362 986 1430 τὴν
1023 1361 1231 1431 ἡμέραν
1261 1363 1468 1423 θυσίας
1499 1361 1607 1414 ὑπὸ
1639 1371 1755 1424 τοῖς
1785 1360 1848 1415 ἐν

159 1457 234 1523 τῷ
267 1453 420 1522 κήπῳ
460 1458 562 1503 τοῦ
601 1453 886 1519 βασιλείου
928 1448 1199 1519 δένδροις,
1244 1453 1469 1502 πολλῶν
1507 1447 1568 1502 δὲ
1609 1452 1847 1519 φοιτών-

159 1558 271 1592 των
315 1559 374 1592 τε
418 1538 511 1592 καὶ
558 1540 651 1591 διὰ
697 1548 810 1592 τῶν
853 1537 980 1609 περὶ
1025 1541 1158 1601 τοὺς
1201 1541 1375 1601 θεοὺς
1422 1537 1639 1591 ἐκεῖνον
1679 1545 1848 1609 θερα-
1873 1561 1916 1593 15

160 1631 447 1682 πευόντων
487 1628 650 1691 αὐτὸς
688 1624 759 1696 ἦν
794 1623 966 1698 οὗπερ
1006 1627 1108 1694 ἀεί,
1142 1626 1234 1680 καὶ
1275 1628 1402 1680 οὔτε
1438 1626 1750 1697 ἐκαλούμην
1786 1630 1848 1681 τό

159 1736 219 1770 τε
265 1718 503 1785 ἄκλητον
552 1716 692 1771 ἰέναι
738 1716 983 1786 μετέχειν
1027 1717 1177 1779 τινὸς
1224 1716 1506 1778 ἀναιδείας
1544 1716 1847 1786 ὑπελάμβα-

161 1826 266 1860 νον
310 1804 402 1859 καὶ
447 1806 547 1859 τὸν
591 1806 693 1874 μὲν
739 1807 918 1874 ἄνδρα
964 1805 1222 1873 ἐφίλουν,
1267 1806 1368 1873 τὴν
1415 1804 1588 1874 ἀρχὴν
1634 1802 1695 1858 δὲ
1745 1805 1850 1858 οὐκ

165 1894 508 1948 ἐκολάκευον.
575 1894 693 1947 122.
733 1890 828 1962 ἧκε
861 1893 925 1947 δέ
953 1911 1084 1946 ποτε
1118 1894 1195 1956 εἰς
1234 1895 1372 1955 Διὸς
1412 1895 1613 1946 Φιλίου
1652 1894 1850 1946 θύσων

163 1982 255 2037 καὶ
308 1985 439 2045 τοὺς
493 1983 696 2044 ἄλλους
748 1982 1013 2050 κατιδών,
1068 1980 1366 2049 ἐβούλοντο
1423 1982 1526 2051 γὰρ
1589 1980 1680 2034 καὶ
1737 1990 1849 2035 πᾶν
1873 2004 1917 2036 20

165 2071 411 2140 ἐποίουν,
458 2071 603 2134 ὅπως
650 2072 1018 2139 ὀφθήσονται,
1065 2073 1240 2140 μόνον
1283 2071 1348 2123 οὐ
1389 2069 1719 2139 τεθεαμένος
1759 2068 1850 2139 ἐμὲ

165 2169 281 2223 τοῖς
333 2163 559 2223 πολλοῖς
613 2159 1012 2229 ἐμμεμιγμένον
1068 2160 1252 2227 δείλης
1299 2160 1392 2213 διὰ
1445 2158 1644 2212 δέλτου
1700 2137 1851 2222 τινὸς

166 2249 349 2320 ἠρώτα
393 2268 475 2317 τε,
524 2249 625 2317 ὅ,τι
674 2254 755 2316 εἴη
803 2250 864 2302 τὸ
911 2249 1242 2316 κεκωλυκός,
1290 2247 1381 2301 καὶ
1427 2249 1560 2317 μετὰ
1613 2249 1852 2318 χαρίτων

167 2338 493 2405 καθήπτετο.
585 2337 618 2390 ἃ
672 2337 773 2404 μὲν
826 2337 895 2405 δὴ
950 2336 1329 2407 ἀπεκρινάμην
1383 2337 1476 2390 διὰ
1528 2345 1623 2405 τῆς
1684 2336 1852 2405 αὐτῆς

169 2425 365 2478 δέλτου
411 2424 502 2478 καὶ
549 2426 622 2489 ὡς
669 2426 772 2478 οὐκ
811 2425 1055 2494 ἐδήχθην
1092 2429 1303 2494 μᾶλλον
1345 2425 1376 2494 ἢ
1416 2433 1580 2478 τοῦτο
1622 2425 1917 2494 έποίησαχεε

289 2589 312 2629 7
347 2599 416 2642 ep.
451 2590 549 2631 648.
612 2585 677 2629 Cf.
709 2585 926 2629 Philostr.
959 2585 1038 2629 vit.
1071 2585 1200 2642 soph.
1232 2601 1277 2642 p.
1304 2589 1389 2629 230
1422 2587 1469 2628 et
1500 2590 1585 2629 253

291 2738 315 2776 1
348 2733 459 2789 ἡμῖν
490 2734 536 2777 Β
665 2738 690 2778 2
724 2732 917 2790 ἤλγησεν
952 2734 1032 2778 CB
1159 2738 1187 2776 4
1218 2735 1325 2789 posi:
1356 2737 1462 2789 σιγᾶ
1493 2733 1680 2790 signum
1710 2732 1851 2776 inter-

172 2791 428 2848 rogationis
459 2793 561 2837 BV
657 2796 682 2835 5
714 2793 913 2836 ἀκοῦσαι
944 2794 989 2837 Β
1098 2796 1151 2836 15
1182 2808 1230 2836 τε
1262 2806 1338 2836 om
1370 2777 1507 2836 BVL
1608 2797 1661 2835 16
1694 2792 1851 2849 αὐτὸς]

175 2849 261 2906 ἐγὼ
292 2850 403 2895 Fen:
432 2851 482 2895 in
504 2865 638 2909 marg
660 2851 763 2895 Mor
822 2851 963 2902 αὐτὸς
995 2850 1139 2895 Cobet
1169 2851 1337 2896 Mnem.
1362 2851 1426 2894 III
1451 2854 1536 2894 250
1564 2851 1570 2908 Ι
1600 2848 1738 2905 ὅσπερ
1771 2849 1855 2894 Go-

173 2908 255 2952 be‘t·
283 2909 314 2953 l.
345 2909 376 2953 1.
409 2911 460 2953 at
489 2909 546 2954 ef.
578 2926 624 2967 p.
652 2914 750 2964 135,
778 2915 833 2955 14
984 2914 1038 2953 20
1076 2908 1233 2953 πάντα
1270 2910 1382 2954 Fert
1419 2910 1469 2953 in
1502 2923 1636 2967 marg
1666 2909 1767 2952 Mor

176 2971 231 3011 22
256 2984 284 3011 ν
307 2967 356 3010 in
381 2967 712 3026 ἐμμεμιγμένου
735 2982 836 3015 corr
859 2982 884 3013 e
908 2983 934 3013 σ
961 2970 1023 3014 (1¹²
1110 2973 1166 3012 23
1190 2984 1237 3012 τε
1261 2982 1338 3012 om
1354 2970 1443 3013 PB
1533 2974 1588 3012 25
1614 2968 1795 3026 ἐδήχθη
1811 2968 1855 3012 L
