2026 3168
673 139 900 185 LIBANII
932 139 1272 185 ORATIONES
1745 139 1811 191 81

132 298 221 333 ται
261 277 325 331 δέ
356 278 363 346 Ι
404 297 550 340 τινες
586 278 686 331 τὸν
736 275 870 343 ἐμὸν
921 275 1235 329 ἐπίπαππον
1275 275 1328 340 ἐξ
1361 275 1593 338 Ἰταλίας
1629 276 1786 344 ἥκειν
1816 288 1904 331 R4

132 368 241 421 ὑπὸ
280 369 448 434 λόγου
485 367 637 428 τινὸς
674 372 739 435 τῇ
781 364 1003 418 ’κείνων
1049 365 1258 435 γλώττῃ
1305 363 1636 432 ποιηθέντος
1680 364 1817 432 ἠπα-

135 454 371 525 τημένοι.
433 454 462 507 ὁ
504 451 564 507 δὲ
604 455 710 523 ἄρα
747 455 809 507 τὸ
849 451 950 524 μὲν
988 450 1099 523 εἶχε
1137 461 1334 522 ποιεῖν,
1373 450 1444 522 ἧν
1484 450 1546 506 δὲ
1584 453 1686 506 οὐκ
1725 453 1817 504 ἄλ-

136 548 321 597 λοθεν.
405 542 684 610 ἐκοσμεῖτο
734 540 794 596 δὲ
841 543 907 595 οὐ
954 547 1166 611 μᾶλλον
1211 549 1371 612 φωνῇ
1418 547 1483 611 τῇ
1525 540 1746 594 ’κείνων
1783 539 1817 608 ἢ

135 639 393 702 μαντικῇ,
443 624 478 701 ᾗ
529 632 597 700 δὴ
643 630 734 684 καὶ
779 630 1193 701 ἀπολουμένους
1236 627 1465 702 προῄδει
1512 632 1643 692 τοὺς
1679 630 1820 691 υἱεῖς
1866 649 1885 683 5

138 723 270 784 τοὺς
310 719 508 773 ἑαυτοῦ
549 721 756 792 σιδήρῳ
794 721 996 782 καλούς
1026 739 1084 772 τε
1115 721 1278 782 ὄντας
1308 718 1400 772 καὶ
1429 718 1699 786 μεγάλους
1729 715 1820 769 καὶ

140 811 315 863 εἰπεῖν
350 809 588 871 ἱκανούς.
628 816 792 862 τοῦτο
825 809 957 878 ἡμῖν
987 809 1278 878 χρημάτων
1307 808 1560 877 μεγάλων
1590 805 1821 860 ἐκένωσε

138 898 237 951 τὸν
284 895 457 966 οἷκον,
511 898 648 950 ὥστε
699 897 728 950 ὁ
778 898 954 967 πατὴρ
1008 897 1176 966 οὑμὸς
1230 896 1471 966 ἀδελφὰς
1523 893 1823 964 ἐπιγάμους

139 985 463 1054 ἐλεούμενος
495 988 702 1055 ἔτρεφε.
742 992 817 1058 τῷ
844 984 896 1038 δ’
918 981 988 1038 αὖ
1018 986 1159 1055 πρὸς
1188 986 1391 1055 μητρὸς
1419 985 1622 1056 πάππῳ
1652 985 1823 1036 τᾶλλα

139 1094 198 1128 τε
244 1077 365 1128 ὄντι
412 1078 639 1147 λαμπρῷ
683 1076 772 1128 καὶ
823 1075 1092 1147 ῥητορικῷ
1136 1076 1294 1144 μόλις
1343 1075 1675 1143 διαφυγόντι
1723 1073 1823 1126 τὸν
1847 1093 1890 1126 10

141 1163 337 1233 ὅμοιον
375 1164 624 1217 θάνατον
669 1164 702 1232 ἡ
748 1165 971 1232 τελευτὴ
1018 1162 1222 1232 συνέβη
1270 1165 1415 1234 νόσῳ
1468 1163 1570 1215 δύο
1615 1161 1825 1231 προμά“

141 1271 258 1322 χοις
288 1254 390 1321 τὴν
419 1254 631 1321 βουλὴν
660 1253 984 1322 παραδόντι,
1024 1245 1113 1305 οἷν
1152 1252 1181 1305 ὁ
1213 1248 1315 1321 μὲν
1346 1250 1426 1304 ἐπ’
1448 1250 1454 1321 Ι
1475 1251 1611 1321 ἀρχῇ
1651 1250 1803 1304 κατέ-
1825 1263 1868 1306 R
1887 1265 1912 1306 5

143 1345 277 1395 λυσε
322 1343 419 1395 τὸν
465 1343 607 1410 βίον,
659 1341 687 1394 ὁ
736 1341 798 1394 δὲ
843 1341 1018 1410 ἀρχὴν
1065 1340 1434 1409 ἀπωσάμενος.
1511 1340 1718 1392 οὐκοῦν
1764 1338 1826 1392 ἐν

141 1431 361 1492 τούτοις
398 1431 464 1482 τὰ
502 1430 603 1498 μὲν
641 1429 865 1499 ἡμέρου,
904 1431 970 1482 τὰ
1009 1429 1071 1482 δὲ
1109 1430 1175 1482 οὐ
1214 1429 1469 1498 τοιαύτης
1506 1429 1683 1497 τύχης.

255 1519 304 1570 4.
362 1521 546 1587 Γήμας
593 1519 653 1571 δὲ
698 1519 800 1587 τὴν
844 1517 905 1571 ἐκ
948 1519 1217 1571 τοιούτων
1260 1518 1429 1585 οὑμὸς
1466 1518 1642 1587 πατὴρ
1681 1525 1827 1586 τρεῖς
1851 1538 1893 1571 15

142 1608 344 1670 παῖδας
380 1608 770 1675 ποιησάμενος,
809 1601 889 1659 ὧν
927 1606 1032 1675 ἐγὼ
1071 1606 1259 1675 μέσος,
1305 1605 1471 1678 ᾤχετο
1510 1607 1616 1676 πρὸ
1656 1605 1828 1675 ἀκμῆς

142 1697 311 1765 μικρὰ
353 1695 411 1748 ἐκ
449 1699 672 1749 πολλῶν
708 1694 1120 1765 κεκομισμένος,
1159 1694 1250 1748 καὶ
1290 1695 1464 1757 εὐθὺς
1501 1702 1597 1763 τῆς
1626 1695 1828 1765 μητρὸς

146 1782 228 1838 ἐπ’
269 1782 460 1856 ἐκείνῳ
506 1784 535 1837 ὁ
582 1787 774 1855 πατήρ.
853 1785 1079 1837 δείσασα
1126 1785 1187 1837 δὲ
1231 1784 1264 1852 ἡ
1307 1785 1483 1854 μήτηρ
1522 1783 1829 1854 ἐπιτρόπων

147 1874 345 1925 κακίαν
382 1871 473 1925 καὶ
510 1873 619 1925 ὑπὸ
661 1874 1028 1942 σωφροσύνης
1065 1873 1160 1934 τὰς
1197 1880 1297 1925 τοῦ
1339 1873 1459 1924 δεῖν
1505 1877 1583 1934 εἰς
1629 1874 1829 1940 λόγους

149 1959 291 2014 ἰέναι
332 1963 527 2029 σφίσιν
566 1960 805 2029 ἀνάγκας
845 1961 979 2029 αὐτὴ
1019 1961 1194 2013 πάντα
1233 1961 1365 2030 ἡμῖν
1411 1958 1639 2023 ἀξιοῦσα
1685 1956 1826 2013 εἶναι
1853 1983 1896 2014 20

270 2171 295 2209 5
329 2179 390 2208 or.
423 2165 464 2208 Π
498 2168 549 2208 11
584 2166 616 2207 t.
649 2164 670 2207 I
703 2168 801 2219 175,
836 2169 889 2208 17
914 2179 981 2220 sq.
1016 2166 1063 2208 et
1093 2179 1158 2209 or.
1189 2164 1294 2207 XIX
1324 2164 1386 2207 ib.
1422 2168 1522 2220 644,
1557 2168 1610 2209 18
1637 2179 1703 2220 sq.
1729 2165 1770 2207 R

274 2347 327 2386 19
361 2346 482 2388 δεῖν
514 2343 593 2386 καὶ
625 2341 834 2400 ἀνάγκην
866 2338 987 2386 εἶναι
1021 2343 1064 2386 V

272 2539 297 2577 2
338 2534 432 2578 ἀπὸ
463 2534 575 2578 Fen·
611 2535 661 2577 in
691 2547 825 2591 marg
855 2534 957 2577 Mor
997 2537 1003 2590 1
1043 2534 1170 2584 τινὸς
1206 2540 1260 2592 τῇ
1294 2531 1481 2578 ’κείνων
1519 2533 1645 2577 inser
1676 2532 1743 2577 L²

154 2597 183 2635 3
211 2592 263 2636 in
293 2593 386 2649 ἄρα
418 2593 538 2637 duae
575 2593 771 2638 ultimae
801 2593 987 2637 litterae
1020 2593 1071 2635 in
1099 2592 1269 2636 lacuna
1298 2592 1440 2648 paulo
1471 2593 1646 2636 maiore
1678 2591 1829 2648 suppl.

156 2649 223 2695 L’
371 2658 397 2695 4
442 2651 585 2709 μόνον
617 2652 701 2696 VL
749 2653 859 2696 Ferr
896 2652 945 2695 in
983 2664 1118 2709 marg
1165 2654 1171 2708 Ι
1222 2650 1447 2708 τῆάείνων
1486 2653 1532 2696 Β
1574 2654 1580 2708 Ι
1629 2648 1677 2709 ἢ]
1717 2650 1832 2695 ἀλλὰ

157 2709 238 2753 καὶ
261 2711 305 2754 V
432 2717 457 2755 5
487 2709 679 2767 προίδοι
701 2712 744 2755 V
881 2717 932 2754 11
967 2713 1100 2755 δυοῖν
1129 2711 1390 2768 προμάχοιν
1415 2711 1458 2754 V
1485 2712 1532 2755 et
1560 2725 1620 2753 m.
1653 2723 1741 2754 rec.
1775 2710 1832 2766 (s)

159 2779 300 2824 supra
322 2770 408 2815 δύο
430 2770 688 2828 προμάχοις
713 2771 761 2825 Ο,
785 2784 889 2814 cum
912 2788 967 2827 γρ
992 2770 1103 2813 Ferr
1123 2770 1174 2813 in
1196 2783 1343 2828 marg,
1367 2769 1470 2813 Mor
1492 2769 1560 2813 Re
1645 2774 1700 2813 14
1723 2767 1832 2825 ὴμέ-

159 2841 245 2882 (mv
268 2852 323 2860 ·-
346 2829 501 2888 τύχης]
534 2828 707 2886 ἡμέρου
740 2828 949 2884 ἀπήλαυε
978 2829 1117 2886 τύχης
1154 2829 1271 2873 Plan
1301 2829 1368 2872 fol
1400 2833 1454 2872 21
1579 2833 1632 2871 15
1665 2827 1724 2884 δὴ
1749 2828 1832 2871 VL

221 2889 276 2928 16
307 2884 445 2945 ᾤχετο
478 2915 532 2920 -
564 2889 713 2944 ἀκμῆς
745 2888 861 2932 citat
891 2888 1007 2932 Plan
1038 2887 1105 2932 fol
1128 2892 1182 2931 21
1311 2893 1364 2931 17
1396 2905 1465 2945 γρ.
1499 2884 1834 2944 κεκοσμημένος

160 2940 271 2988 Ferr
299 2944 350 2988 in
378 2959 512 3004 marg
585 2947 837 3003 κεκομικὼς
866 2947 977 2991 Ferr
1006 2947 1056 2989 in
1086 2961 1219 3003 marg
1249 2947 1351 2991 Mor

255 3027 451 3060 meuus
475 3029 532 3061 ed.
558 3030 803 3061 Foerster.
1561 3024 1586 3062 6

218 3123 274 3168 s
