2026 3168
666 132 892 177 LIBANII
923 131 1264 176 ORATIONES
1700 132 1801 184 191

128 278 243 333 τοῖς
275 268 809 337 ἀποκεκαλυμμένοις
840 268 1014 336 ὄνομά
1037 287 1187 330 τινος
1217 268 1436 336 ὑπῆγον
1458 274 1532 340 τῷ
1557 267 1804 336 φανέντι,

129 358 253 421 δέος
306 357 493 427 μέντοι
546 378 639 425 μοι
694 357 871 410 ἐδόκει
923 358 1052 419 τοὺς
1107 357 1292 419 αὑτοῖς
1344 376 1396 408 τι
1446 354 1801 426 συνειδόταςΙ

133 448 406 500 εἰσελθεῖν
429 447 517 499 καὶ
545 449 672 509 τοὺς
694 447 796 516 μὲν
818 447 1044 515 ὑφεῖναι
1068 453 1163 513 τῆς
1186 448 1482 514 συνεχείας,
1509 443 1628 514 ἐμοὶ
1654 442 1715 498 δὲ
1746 457 1788 500 R
1805 460 1889 501 150

130 531 298 597 αὖθις
337 533 662 603 ἐγγενέσθαι
702 540 994 588 κινεῖσθαι.
1058 535 1224 603 τύχης
1262 537 1455 588 τοίνυν
1494 533 1805 602 εὐμενεστέ-

130 644 227 693 ρας
281 623 313 676 ἃ
366 625 763 693 κατωρώρυκτο
817 629 1037 677 κεῖσθαι
1090 620 1229 693 ὑπὲρ
1285 631 1390 692 γῆν
1441 632 1555 686 τοῖς
1608 625 1806 691 βουλο-
1853 641 1872 675 5

127 711 312 779 μένοις
351 711 501 781 ὁρᾶν.

239 800 361 854 251.
409 795 575 854 ῒΗκεν
622 799 710 854 ἐπὶ
757 802 974 863 τούτοις
1020 801 1219 870 ἄρχων,
1266 801 1461 869 ἥκιστα
1498 801 1597 853 τὸν
1635 799 1807 852 αὑτοῦ

127 890 351 943 πάππον
390 889 451 943 ἐν
488 898 603 952 τοῖς
640 891 775 959 πρὸς
814 886 906 959 ἐμὲ
942 891 1292 958 μιμούμενος.
1354 889 1383 942 ὁ
1422 889 1523 957 μὲν
1561 889 1665 958 γὰρ
1707 888 1808 941 οὐκ

129 977 401 1032 ἐπαύσατο
451 988 643 1047 τιμῶν,
694 971 784 1031 οἷα
835 978 971 1047 ἀνὴρ
1021 977 1376 1048 ἐπιστάμενος
1423 977 1619 1046 λέγειν,
1667 977 1696 1030 ὁ
1748 974 1808 1030 δὲ

130 1068 231 1120 οὐκ
263 1066 543 1136 ἐβουλήθη
574 1087 640 1134 με
671 1067 894 1135 εἰδέναι,
926 1066 987 1120 ἐν
1018 1068 1226 1135 αἰτήσει
1257 1087 1314 1120 τε
1345 1067 1564 1137 χάριτος
1596 1067 1809 1127 δικαίας
1834 1085 1877 1117 ιο

129 1175 186 1208 τε
232 1155 323 1208 καὶ
371 1157 438 1209 οὐ
486 1157 724 1225 μεγάλης
770 1154 1107 1225 ἐξελεγχθεὶς
1153 1155 1380 1225 ἀνόητός
1424 1175 1482 1208 τε
1528 1152 1669 1208 εἶναι
1717 1155 1808 1207 δο-

30 1313 38 1319 ἱ
128 1254 255 1297 κῶν.
331 1243 421 1297 καὶ
467 1254 579 1297 τῶν
622 1242 725 1311 μὲν
769 1247 1013 1313 ματαίων
1059 1243 1342 1314 ἐπιμελῶς,
1387 1254 1497 1298 τῶν
1544 1244 1606 1297 δὲ
1644 1243 1808 1311 ἀναγ-

129 1335 300 1386 καίων
332 1333 540 1399 ἀμελῶς
576 1338 766 1402 εἰ’χετο,
802 1331 808 1404 Ι
844 1332 1118 1402 διαμένων
1149 1333 1426 1403 ἡμετέρων
1457 1334 1720 1401 ἄγευστος
1750 1344 1792 1386 R
1811 1348 1892 1387 151

131 1423 336 1489 λόγων·
385 1421 452 1474 οὐ
499 1421 602 1490 γάρ
651 1441 744 1490 μοι
790 1422 953 1474 τοῦδε
1000 1429 1101 1474 τοῦ
1140 1420 1312 1492 γέρως
1351 1419 1500 1484 ἄξιος
1538 1419 1809 1490 ἐφαίνετο.

131 1512 228 1579 μία
265 1506 366 1577 μὲν
404 1510 501 1577 ἥδε
540 1510 685 1578 δίκη,
726 1508 878 1579 ἑτέρα
926 1506 986 1563 δὲ
1029 1510 1166 1580 πρὸς
1204 1511 1271 1563 τὰ
1309 1509 1545 1581 τέρματα
1583 1518 1678 1579 τῆς
1716 1508 1810 1578 άρ-
1835 1531 1877 1564 15

131 1606 254 1668 χῆς,
293 1598 543 1668 ὑπάρχου
583 1598 893 1668 πέμποντος
931 1599 1081 1666 ἥκων
1120 1598 1181 1652 ἐν
1219 1597 1414 1669 ἐρημίᾳ
1458 1619 1516 1652 τε
1564 1604 1810 1667 καθῆστο

131 1686 221 1740 καὶ
244 1687 380 1759 ἡλίῳ
409 1685 672 1755 φλέγοντι
704 1688 885 1750 διψῶν
907 1706 965 1740 τε
996 1686 1080 1740 ἀεὶ
1111 1685 1203 1740 καὶ
1233 1689 1425 1740 πίνων.
1472 1686 1595 1739 252.
1628 1685 1812 1756 ἕτερος

133 1777 332 1845 ἄρχων,
365 1774 450 1844 ἐφ’
490 1771 556 1828 οὗ
587 1777 653 1828 τὰ
686 1776 972 1828 δεινότατα
1002 1775 1219 1848 πολέμῳ
1243 1785 1504 1845 πονηρῶν
1534 1776 1813 1843 δαιμόνων

252 1970 275 2008 7
314 1963 567 2021 Τισαμενός
597 1979 660 2008 or.
686 1964 833 2008 XXXI
864 1968 896 2010 t.
929 1965 971 2007 Π
1004 1969 1087 2008 239
1114 1979 1179 2020 sq.
1213 1965 1254 2007 R

253 2131 306 2170 18
337 2122 418 2180 ἧκε
450 2125 663 2184 δηλονότι
689 2128 731 2172 V

253 2297 274 2332 1
318 2291 502 2343 „malim
535 2290 735 2347 ἐπῆγον“
770 2291 839 2334 Re
1000 2294 1026 2332 2
1067 2287 1222 2344 μέντοι
1252 2288 1438 2345 reposui
1469 2302 1495 2332 e
1526 2288 1659 2332 libris
1730 2286 1813 2346 μέν

131 2364 176 2391 τι
207 2348 299 2392 edd
325 2350 331 2405 Ι
374 2349 533 2400 αὑτοῖς
578 2363 718 2405 supra
742 2350 911 2399 αὐτοὺς
937 2349 1000 2393 C'v
1061 2348 1231 2399 αὐτοὺς
1253 2349 1334 2392 VL
1361 2349 1368 2404 Ι
1401 2345 1446 2391 τί
1472 2349 1515 2393 V
1629 2352 1655 2391 3
1686 2347 1811 2404 τοὺς]

132 2414 229 2458 τοῖς
258 2409 302 2452 L
330 2409 335 2466 Ι
368 2408 490 2452 inter
522 2408 612 2452 duo
646 2424 666 2453 ε
697 2408 747 2452 in
778 2422 887 2452 συνε
919 2405 1018 2457 είας
1046 2420 1208 2450 rasura
1237 2407 1375 2450 unius
1404 2406 1480 2451 vel
1511 2406 1708 2450 duarum
1736 2405 1815 2450 lit-

132 2467 337 2510 terarum
366 2467 416 2511 in
440 2469 484 2512 L
545 2465 817 2524 δυσμενείας
848 2467 951 2511 coni
974 2467 1056 2520 Re,
1088 2466 1284 2510 fortasse
1313 2468 1440 2510 recte
1467 2469 1473 2523 Ι
1502 2465 1577 2523 ἐμὲ
1600 2467 1694 2511 AP
1758 2482 1814 2522 γρ
1842 2468 1847 2472 “

135 2525 238 2582 ἐμοὶ
268 2525 332 2570 12²
453 2531 478 2570 5
511 2527 833 2582 κατορώρυκτο
866 2527 957 2571 BL
987 2525 1089 2569 Mor
1118 2526 1186 2569 Re
1221 2527 1227 2582 Ι
1265 2531 1350 2583 γῆς
1375 2526 1457 2570 VL
1579 2529 1602 2568 7
1635 2524 1815 2574 τούτοις

135 2585 299 2641 scripsi
330 2598 355 2629 ο
381 2586 463 2630 VL
521 2586 697 2631 τούτων
727 2586 902 2631 ΑΟΡΒ
934 2584 1025 2629 edd
1062 2584 1068 2643 Ι
1111 2585 1254 2628 αὐτοῦ
1285 2584 1395 2628 libri
1426 2584 1517 2628 edd.
1645 2588 1671 2627 9
1704 2600 1735 2626 α
1764 2583 1815 2626 in

135 2643 253 2699 ἀνὴρ
290 2644 342 2687 in
378 2658 453 2688 ras
486 2644 558 2688 P²
693 2649 748 2688 10
785 2661 838 2701 με
869 2645 937 2688 Re
1020 2644 1104 2699 μὲν
1134 2643 1243 2687 libri
1273 2644 1384 2688 Fert
1413 2643 1515 2687 Mor
1651 2648 1703 2686 11
1745 2642 1816 2694 ἐξ·

136 2703 369 2760 ελεγχθεὶς
398 2707 629 2759 περιεῖδεν
661 2702 859 2760 ἀνόητός
888 2720 957 2753 τις
995 2703 1100 2746 coni
1130 2703 1198 2747 Re
1362 2707 1414 2747 12
1455 2701 1668 2759 ἐπιμελὴς
1698 2702 1742 2746 L

139 2765 192 2803 13
225 2761 391 2818 ἀμελὴς
421 2764 464 2806 L
491 2764 498 2818 Ι
526 2762 671 2821 εἴχετο
705 2763 869 2819 scripsi
901 2764 1090 2806 auctore
1121 2761 1277 2806 Gasda
1316 2762 1419 2806 coll.
1453 2765 1524 2816 82,
1551 2766 1574 2805 1
1652 2759 1814 2817 ἤρχετο

135 2819 245 2863 libri
276 2820 367 2864 edd
440 2815 550 2905 ἦρχε
581 2821 655 2866 vel
686 2816 796 2880 ἦρχε
826 2822 878 2866 τὸ
911 2815 1010 2871 ἔτος
1047 2821 1150 2865 coni
1181 2822 1250 2865 Re
1402 2826 1457 2864 14
1496 2837 1557 2870 ως
1594 2819 1644 2863 in
1674 2818 1816 2877 γέρως

137 2892 238 2922 corr
267 2878 317 2922 in
333 2895 428 2981 ἇυς
456 2881 502 2923 A
677 2886 731 2925 15
769 2880 826 2925 τὰ
863 2880 1038 2925 inserui
1076 2893 1102 2924 e
1139 2879 1271 2923 libris
1346 2880 1564 2924 lacunam
1594 2879 1683 2922 hoc
1712 2878 1815 2922 loco

138 2938 304 2981 stabuit
375 2938 490 2982 aeda
