2026 3168
735 138 962 182 LIBANH
993 137 1334 183 ORATIONES
1470 194 1473 197 Ι
1777 139 1884 192 309

202 274 487 342 ἐλάττονα,
536 275 724 328 δοκεῖν
770 274 835 328 δέ
869 294 988 342 μοι,
1033 275 1123 327 καὶ
1162 281 1237 347 τῷ
1270 275 1342 343 μὴ
1382 282 1582 343 χωρεῖν
1621 275 1759 328 αὐτὰ
1798 274 1886 328 ἐπὶ

199 364 265 416 τὰ
311 364 444 431 ἄστη
490 364 629 431 μηδὲ
673 365 1090 433 προσπίπτοντα
1135 363 1466 432 σπαράττειν
1504 382 1562 415 τε
1607 364 1696 416 καὶ
1735 384 1886 417 κατε-

202 454 389 504 σθιέιν
427 450 518 504 καὶ
557 460 762 506 κενοῦν
798 454 894 515 τὰς
931 454 1116 515 πόλεις
1148 451 1477 521 ἀνθρώπων.
1543 452 1624 504 14.
1665 455 1747 515 τίς
1777 453 1883 522 γὰρ

201 539 271 593 ἂν
302 540 534 607 ἤνεγκεν
565 540 929 608 ὁμοθυμαδὸν
960 540 1183 594 ἐπιόντα
1221 549 1333 593 τῶν
1363 542 1582 609 θηρίων
1611 542 1678 594 τὰ
1717 545 1884 610 φῦλα,

200 628 342 681 ὅπου
375 648 435 697 γε
467 630 555 682 καὶ
586 629 657 697 ἢν
688 629 749 682 ἕν
778 650 831 682 τι
862 631 1075 683 τούτων
1106 631 1173 698 δὴ
1210 639 1322 682 τῶν
1353 628 1415 682 ἐν
1451 638 1568 692 τοῖς
1608 633 1887 700 ζωγρειόις
1932 650 1953 683 ⁵

198 717 758 787 τεταλαιπωρημένων
788 718 1037 789 ὑπερβὰν
1066 719 1127 771 τὸ
1169 716 1356 789 ἑρκίον
1392 717 1498 788 θέῃ
1538 720 1631 771 διὰ
1662 720 1887 786 πόλεως,

199 805 464 875 βλέμματι
516 808 666 879 μόνῳ
720 807 970 876 ταράττει
1023 826 1081 860 τε
1133 808 1223 860 καὶ
1278 806 1560 876 ἐκπλήττει
1606 806 1696 860 καὶ
1742 817 1890 860 ποιεῖ

201 904 427 948 σκοπεῖν
464 887 500 964 ᾗ
539 895 609 948 ἄν
645 916 728 958 τις
766 898 992 964 σωθείη,
1031 896 1208 965 θύραι
1246 915 1304 948 τε
1342 898 1617 949 κλείονται
1656 897 1745 949 καὶ
1784 898 1887 965 βοὴ

200 985 340 1053 πρὸς
394 983 667 1053 ἀλλήλους
718 983 811 1037 καὶ
864 986 1136 1054 θόρυβος,
1192 984 1321 1047 ὅσος
1375 983 1445 1037 ἂν
1498 983 1557 1037 ἐκ
1610 987 1890 1051 πολεμίων

200 1073 570 1126 εἰσπεσόντων
600 1071 840 1140 γένοιτο;
906 1072 988 1126 15.
1027 1076 1086 1126 τί
1120 1074 1187 1142 δὴ
1228 1071 1298 1126 ἂν
1336 1069 1441 1126 οὖν
1479 1074 1715 1140 οἰόμεθα
1754 1088 1886 1140 συμ-
1912 1094 1955 1127 ιο

197 1162 364 1229 βῆναι
418 1159 480 1214 ἐν
532 1164 753 1230 θηρίων
807 1160 1204 1232 ἐπιστρατείαις
1257 1161 1583 1230 ἡγουμένων
1627 1164 1888 1227 λεόντων;

197 1257 292 1318 τῆς
322 1255 463 1303 θεοῦ
498 1248 504 1320 Ι
539 1251 734 1303 τοίνυν
764 1251 920 1321 χάρις
949 1251 1016 1303 τὰ
1046 1258 1154 1303 νῦν
1177 1252 1491 1318 γιγνόμενα,
1515 1252 1577 1304 τὸ
1609 1250 1798 1319 με’νειν
1826 1263 1869 1307 R
1889 1267 1974 1307 229

199 1337 261 1392 ἐν
298 1347 417 1401 ταῖς
454 1338 638 1407 ὕλαις,
678 1339 712 1392 ἃ
752 1339 855 1392 οὐκ
893 1334 964 1406 ἦν
1003 1338 1251 1407 ἐνεγκεῖν
1290 1338 1528 1393 ἐπιόντα.

313 1428 395 1480 16.
478 1430 649 1496 Φήσει
710 1447 793 1491 τις
861 1429 1079 1500 μεγάλω
1141 1429 1312 1499 ἔργω,
1380 1437 1495 1491 τοῖς
1555 1431 1888 1498 πολεμικοῖς,

199 1515 511 1569 ἐπιστατεῖν
548 1517 648 1569 τὸν
673 1515 799 1587 Ἄρη
839 1536 897 1569 τε
934 1517 1026 1569 καὶ
1064 1517 1164 1585 τὴν
1197 1515 1457 1585 Ἀθηνᾶν.
1535 1519 1650 1570 ἔστι
1690 1510 1752 1571 δὲ
1790 1518 1891 1571 οὐκ
1915 1537 1957 1572 15

199 1605 357 1673 ὀλίγη
396 1613 563 1674 μοῖρα
600 1613 713 1658 τῶν
751 1603 813 1658 ἐν
850 1604 1109 1674 πολέμοις
1130 1603 1455 1674 Ἀρτέμιδος,
1494 1607 1546 1658 εἰ
1581 1606 1653 1673 μὴ
1693 1608 1891 1677 μικρόν

198 1713 273 1765 τῳ
313 1694 466 1746 δοκεῖ
503 1701 620 1756 τοῖς
656 1698 994 1761 πολεμοῦσιν
1034 1688 1175 1747 εἶναι
1214 1692 1344 1757 τόξα
1382 1694 1474 1746 καὶ
1512 1693 1663 1762 βέλη,
1704 1692 1774 1747 δι’
1812 1690 1891 1748 ὧν

199 1780 314 1834 ἐστι
362 1782 660 1850 πόρρωθεν
708 1791 821 1834 τῶν
870 1781 1139 1836 ἐναντίων
1188 1791 1412 1851 κρατεῖν
1460 1783 1707 1851 δρῶντας
1757 1784 1891 1836 ἄνευ

317 1990 343 2029 8
377 1984 627 2061 σημείωσαι
665 1986 718 2031 τὸ
759 1985 936 2040 ξενίζον
974 1994 1056 2030 τοῦ
1098 1986 1344 2044 σχήματος·
1387 1987 1526 2042 ἀφεὶς
1564 1986 1652 2043 γὰρ
1693 1985 1811 2042 πρὸς
1838 1986 1890 2031 τὸ

198 2045 410 2104 ἔμψυχον
439 2044 613 2102 θηρίον
646 2045 836 2103 ἐπάγειν
866 2045 924 2090 τὰ
964 2046 1068 2104 ἑξῆς
1105 2049 1228 2090 κῶλα
1265 2044 1551 2104 παρενέβαλε
1589 2046 1640 2089 τὸ
1682 2045 1888 2103 ἄψυχον·

197 2105 377 2160 θύραι
414 2121 469 2149 τε
510 2103 800 2150 κλείονται
840 2105 1003 2150 εἰπών·
1013 2064 1124 2149 ηκαὶ
1165 2106 1230 2150 ἔτι
1263 2104 1434 2158 ἐξένισε
1464 2108 1528 2165 τῷ
1554 2103 1748 2162 σχήματι
1780 2106 1892 2163 βοῆς

198 2165 469 2220 ἀνθρώπων
502 2165 729 2221 μνησθεὶς
758 2165 837 2209 καὶ
871 2162 935 2208 ὧν
967 2164 1116 2208 ἄλλων
1147 2162 1387 2222 καταλέγει
1421 2165 1464 2208 V

319 2362 341 2399 1
377 2359 535 2401 δοκεῖν
566 2357 635 2399 Re
713 2359 845 2401 δοκεῖ
872 2355 981 2399 libri
1012 2356 1124 2400 Fen·
1147 2356 1249 2400 Mor
1282 2357 1288 2411 Ι
1322 2359 1385 2416 τῷ
1415 2356 1484 2400 Re
1560 2356 1612 2400 τὸ
1644 2355 1755 2400 libri
1778 2356 1889 2399 Ferr

198 2416 302 2459 Mor
445 2421 470 2459 2
505 2412 565 2459 ιἐι
595 2415 644 2458 in
675 2413 945 2460 κατεσθίειν
975 2430 1035 2459 m.
1067 2429 1157 2459 rec.
1190 2418 1256 2473 (n)
1288 2415 1337 2459 in
1367 2428 1443 2458 ras
1475 2417 1510 2471 (ι
1543 2429 1599 2459 ex
1630 2432 1670 2460 ει
1703 2418 1846 2472 corr)
1855 2416 1894 2460 0

257 2479 283 2517 4
325 2473 382 2518 τὰ
426 2477 551 2531 φῦλα
592 2482 684 2518 τῶν
726 2471 911 2548 θηρίων
944 2476 1055 2519 ΒΜ
1200 2479 1226 2518 5
1264 2475 1441 2519 τούτων
1484 2474 1563 2532 δὴ]
1606 2475 1665 2532 δὴ
1711 2475 1887 2519 τούτων

196 2534 338 2579 IBM
361 2536 367 2590 Ι
396 2550 465 2589 ρει
496 2533 546 2577 in
577 2531 812 2590 ζωγρείοις
841 2534 890 2578 in
912 2547 988 2577 ras
1014 2534 1079 2576 P³
1146 2532 1356 2610 ζωγρίοις
1381 2534 1420 2578 G
1447 2534 1546 2590 (sed
1578 2550 1595 2577 ι
1625 2549 1684 2577 111.
1710 2547 1798 2577 rec.
1826 2541 1886 2583 (n)

200 2592 250 2635 in
281 2608 322 2636 ει
353 2595 472 2649 corr)
503 2593 634 2637 AUI
757 2598 782 2636 6
795 2591 1019 2660 ὑπερβὰς
1043 2594 1087 2636 Β
1211 2598 1265 2636 10
1298 2590 1382 2637 οὖν
1412 2593 1462 2636 in
1493 2606 1569 2636 ras
1600 2593 1667 2637 1³³
1696 2606 1772 2636 om
1813 2592 1882 2637 U
1878 2604 1882 2650 Ι

202 2651 410 2707 οἰώμεθα
440 2653 477 2695 Ι
623 2656 675 2694 11
710 2665 762 2694 στ
791 2651 842 2694 in
873 2649 1212 2707 ἐπιστρατείαις
1241 2653 1291 2696 in
1321 2665 1397 2695 ras
1427 2651 1493 2696 12²
1577 2652 1652 2696 ἐπι
1684 2649 1887 2706 στρατεί-

199 2727 276 2761 αις
296 2711 332 2754 Ι
431 2716 485 2754 12
509 2718 655 2754 τανῦν
682 2710 725 2755 V
745 2711 750 2768 Ι
778 2708 999 2784 γινόμενα
1033 2712 1146 2756 VIB
1263 2716 1318 2755 13
1342 2709 1585 2764 ἐπεξιόντα
1616 2710 1888 2754 MSchmidt

197 2769 363 2813 Philol.
388 2770 431 2812 X
455 2774 539 2814 635
663 2774 718 2812 14
748 2768 817 2818 τίς
841 2771 1006 2814 ΑΡΙΒ
1040 2770 1047 2828 Ι
1081 2769 1290 2827 μεγάλων
1322 2770 1468 2827 ἔργων
1500 2783 1525 2813 e
1557 2768 1735 2826 μεγάλω
1770 2769 1883 2825 ἔργω

201 2841 302 2871 corr
326 2829 371 2871 Β
396 2831 443 2872 et
474 2829 579 2872 coni
600 2829 670 2872 Re
701 2827 758 2871 cf
791 2843 835 2885 p.
865 2833 962 2882 100,
981 2833 1007 2873 5
1050 2829 1057 2887 Ι
1100 2829 1150 2874 ἐν
1182 2830 1292 2873 ante
1322 2837 1421 2879 τοῖς
1450 2828 1747 2872 inserendum
1780 2827 1884 2871 coni

198 2887 267 2930 Re
317 2887 323 2944 Ι
372 2885 631 2931 ἐπιστατεῖν
676 2893 773 2937 τοῖς
817 2890 1081 2944 πολεμικοῖς
1120 2889 1163 2932 V
1323 2893 1377 2932 15
1415 2887 1498 2932 τόν
1543 2903 1590 2931 τε
1622 2885 1729 2943 ’Ἀρη
1770 2887 1839 2930 Re
1874 2886 1879 2945 Ι

203 2945 321 3002 ἄρην
355 2947 398 2990 V
542 2950 595 2989 16
627 2944 918 3002 ἀρτέμιδιῖ]
1061 2952 1113 2991 17
1147 2943 1270 2992 εἶναι
1302 2961 1377 2991 om
1409 2947 1452 2990 U
