2026 3168
736 126 963 171 LIBANII
996 125 1338 171 ORATIONES
1773 107 1874 179 261

315 263 397 316 70.
441 261 542 316 “Ev
579 263 682 332 μὲν
719 270 882 315 τοῦτο
922 270 1192 315 τοσοῦτον
1231 263 1420 314 ἔπειθε
1458 260 1657 330 λέγειν,
1696 260 1886 332 ἕτερον

202 350 263 407 δὲ
316 352 418 406 οὐκ
466 354 712 405 ἔλαττον·
774 353 1002 420 ἤλπιζον
1052 351 1280 421 δράσειν
1328 369 1381 403 τι
1431 351 1530 403 τὸν
1578 352 1748 418 λόγον
1796 351 1885 403 καὶ

204 442 459 495 ἰάσεσθαι
508 438 599 493 καὶ
638 439 1093 509 ἑπανορθώσεινΙ
1141 437 1342 509 ἑτέρων
1390 439 1528 509 πρὸς
1578 436 1798 509 ἑτέρους
1827 451 1973 495 R195

202 531 374 584 αὐτὸν
399 531 702 600 φερόντων,
734 527 836 591 ἕως
867 530 945 591 εἰς
976 524 1085 581 ὦτα
1117 536 1231 591 τοῖς
1262 530 1585 596 βασιλεῦσιν
1617 526 1887 597 ἀφίκοιτο.

203 619 286 671 71.
329 619 728 687 δεδυστύχηται
768 616 833 670 δέ
866 637 961 687 μοι
1000 617 1090 670 καὶ
1124 624 1288 670 τοῦτο
1320 617 1381 669 τὸ
1414 617 1590 685 μάτην
1620 635 1686 685 με
1717 624 1888 669 ταῦτα
1934 637 1954 669 5

202 706 433 762 ἐλπίσαι.
510 705 636 775 περὶ
691 707 897 769 παντὸς
949 706 1054 775 γὰρ
1108 708 1318 774 μᾶλλον
1372 704 1720 773 διαλέγονται
1772 714 1889 768 τοῖς

202 798 526 864 βασιλεῦσιν
565 788 649 858 οἷς
679 796 880 848 τούτου
912 793 1163 862 μέτεστιν
1193 793 1226 862 ἢ
1259 802 1372 847 τῶν
1401 795 1756 863 τηλικούτων,
1796 792 1887 847 καὶ

202 886 269 938 τὰ
307 883 662 954 συμφέροντα
693 883 1030 954 ὑπερβάντες
1062 882 1157 952 ἀφ’
1189 878 1267 936 ὧν
1298 890 1619 953 χαριοῦνται
1651 881 1889 951 λέγουσι.

205 974 289 1026 72.
341 972 432 1026 καὶ
477 975 535 1025 τί
577 973 662 1025 δεῖ
707 980 822 1035 τοῖς
860 972 1046 1035 ἄλλοις
1084 970 1360 1041 ἐπιτιμᾶνς
1415 969 1533 1024 οὐδ’
1573 971 1744 1025 αὐτὸν
1782 970 1890 1025 ἐκί-

203 1077 344 1132 νησα
390 1063 490 1115 τὸν
534 1060 785 1131 ὕπαρχον
831 1063 908 1124 εἰς
954 1061 1227 1131 φροντίδα
1270 1069 1383 1114 τῶν
1430 1062 1653 1128 βουλῶν
1702 1061 1888 1128 εἰπών,
1914 1084 1956 1116 10

206 1149 259 1219 (ὃ
299 1152 424 1204 τίνα
463 1151 565 1204 οὐκ
604 1149 674 1203 ἂν
712 1148 1100 1221 ἐπεσπάσατος)
1148 1149 1232 1203 ὅτι
1279 1150 1341 1203 τὸ
1388 1149 1549 1217 γένος
1593 1156 1757 1202 τοῦτο
1804 1148 1890 1202 ἐκ-

204 1241 381 1304 λείψει
412 1240 628 1292 παίδων
657 1241 984 1307 βουλευταῖς
1016 1239 1116 1292 οὐκ
1147 1237 1443 1307 ἐσομένων,
1481 1238 1672 1307 γάμων
1703 1239 1890 1300 αὐτοῖς

206 1327 274 1381 οὐ
313 1327 676 1397 γιγνομένων,
715 1335 815 1381 τοῦ
855 1328 1148 1397 βουλεύειν
1185 1336 1369 1380 κακῶν
1408 1323 1552 1380 εἶναι
1592 1328 1890 1389 δοκοῦντος

205 1416 451 1486 ἐσχάτου.
530 1416 614 1470 73.
662 1416 691 1470 ὁ
733 1415 781 1469 δ’
820 1414 1065 1486 ἐλέγχειν
1102 1416 1205 1486 μὲν
1244 1416 1347 1469 οὐκ
1386 1412 1500 1484 εἶχέ
1533 1435 1626 1485 μοι
1664 1415 1762 1468 τὸν
1800 1417 1890 1467 λό-

206 1525 326 1574 γον,
378 1506 549 1558 εἰπὼν
588 1502 649 1558 δὲ
686 1514 865 1568 κακῶς
902 1514 1049 1574 τρεῖς
1087 1505 1120 1574 ἢ
1158 1503 1416 1575 τέτταρας
1453 1513 1565 1558 τῶν
1609 1507 1892 1557 πολιτευο-
1918 1528 1959 1561 15

205 1593 389 1662 μένων
427 1597 535 1647 σὺν
573 1594 711 1664 ὀργῇ
750 1594 958 1665 μεγάλῃ
997 1602 1109 1647 πᾶν
1148 1592 1177 1646 ὃ
1216 1602 1494 1664 προσῆκεν
1524 1591 1661 1665 ςὸετο
1690 1596 1893 1662 πεπλη-

210 1682 446 1752 ρωκέναι
483 1682 574 1736 καὶ
613 1689 688 1756 τῷ
720 1691 941 1753 τρυφᾶν
978 1683 1146 1736 πάλιν
1185 1682 1355 1736 αὑτὸν
1393 1683 1576 1736 ἔδωκε.

320 1786 404 1838 74.
453 1789 521 1839 Τί
548 1782 652 1840 οὖν
683 1789 903 1852 λοιπόν;
943 1787 1202 1856 εὔχεσθαι
1241 1795 1357 1849 τοῖς
1394 1792 1550 1849 θεοῖς
1587 1795 1742 1856 χεῖρα
1774 1785 1894 1856 ὀρέ-

206 1874 293 1938 ξαι
331 1873 422 1928 καὶ
461 1883 576 1938 τοῖς
616 1876 787 1945 ἱεροῖς
824 1874 916 1928 καὶ
954 1884 1070 1938 τοῖς
1101 1883 1365 1945 γεωργοῖς
1394 1874 1486 1928 καὶ
1516 1883 1635 1938 ταῖς
1664 1876 1894 1943 βουλαῖς

206 1962 298 2016 καὶ
346 1971 412 2034 τῇ
462 1973 574 2017 τῶν
606 1962 885 2033 Ἑλλήνων
935 1972 1093 2035 φωνῇ
1144 1963 1236 2018 καὶ
1286 1965 1352 2017 τὰ
1400 1964 1502 2033 μὲν
1552 1963 1619 2016 οὐ
1671 1964 1894 2026 δικαίως
1916 1973 1961 2005 2⁰

325 2142 380 2181 20
412 2137 469 2182 cf.
503 2154 548 2195 p.
585 2143 684 2194 178,
705 2143 812 2195 7sq.

328 2306 350 2343 1
388 2297 442 2345 ὂν
474 2303 582 2358 post
611 2308 833 2345 τοσοῦτον
864 2301 990 2345 inser
1012 2301 1080 2345 Re
1103 2301 1244 2345 Anim
1271 2301 1278 2360 Ι
1306 2302 1457 2346 ἔπαθε
1481 2301 1553 2357 Ul
1581 2318 1635 2346 ον
1666 2302 1714 2344 in
1739 2301 1895 2358 ἕτερον

204 2359 253 2402 in
293 2373 368 2402 ras
401 2359 472 2404 P⁴
607 2365 632 2403 2
672 2358 717 2404 τί
746 2362 921 2405 ΑΡΒΙ
1003 2361 1046 2404 τὶ
1079 2362 1164 2405 Mo
1299 2367 1324 2404 3
1359 2360 1579 2405 ἰάσεσθαι
1610 2362 1645 2405 Ι
1678 2361 1759 2404 sed
1799 2361 1817 2404 ἰ
1848 2363 1896 2404 et

208 2421 375 2462 σεσθαι
420 2418 471 2461 in
516 2433 592 2463 ras
638 2418 709 2462 111²
755 2421 803 2463 et
858 2421 902 2465 U
941 2420 1022 2463 sed
1070 2436 1090 2464 ε
1136 2419 1185 2463 in
1230 2418 1401 2463 lacuna
1503 2419 1731 2464 ἰάσασθαι
1778 2422 1839 2464 Μ
1848 2462 1863 2467 ,7

205 2527 233 2566 4
266 2519 493 2580 ἀφίκηται
522 2521 567 2566 V
709 2526 735 2565 5
767 2530 850 2566 τῶι
879 2523 926 2566 A
1016 2526 1079 2583 τῷ
1102 2522 1171 2566 Re
1324 2527 1347 2566 7
1386 2523 1552 2567 τούτου
1595 2523 1645 2566 in
1675 2521 1800 2567 τοῦτ’
1839 2524 1894 2566 οὐ

207 2594 308 2624 corr
337 2580 395 2625 1²
454 2580 631 2626 τούτων
651 2587 671 2625 ‘2
704 2594 764 2624 an
791 2583 798 2638 Ι
839 2580 991 2638 μέλειῗ
1112 2586 1180 2639 Ἰ11
1215 2579 1274 2625 ἂν
1307 2595 1382 2625 om
1413 2581 1537 2625 Fabr
1671 2586 1725 2625 13
1758 2582 1814 2625 οὐ
1844 2582 1894 2624 in

207 2652 283 2683 ras
314 2639 372 2684 1²
447 2656 503 2684 ov
545 2641 629 2696 Ul
671 2639 926 2697 γινομένων
951 2640 1081 2685 VUI
1113 2640 1122 2697 1
1164 2640 1310 2686 κακὸν
1353 2642 1397 2686 U
1421 2643 1469 2684 et
1509 2641 1559 2684 in
1603 2648 1761 2685 κακῶν
1794 2654 1895 2684 corr

209 2697 268 2742 1²
309 2699 315 2756 Ι
358 2701 604 2750 δοκοῦντες
635 2701 720 2744 Mo
842 2704 897 2742 14
930 2698 1122 2756 ἐσχάτου
1160 2699 1209 2742 in
1248 2714 1401 2756 marg,
1451 2700 1642 2758 ἔσχατον
1673 2700 1723 2743 in
1761 2701 1894 2743 ssextu

212 2759 297 2801 Mo
369 2757 562 2815 ἐσχάτου
595 2771 651 2802 ex
683 2758 874 2816 ἔσχατον
907 2771 1008 2801 corr
1039 2757 1097 2802 1²
1123 2760 1130 2815 Ι
1157 2775 1236 2816 μοι
1266 2773 1342 2802 om
1366 2759 1440 2803 ΠΙ
1464 2759 1587 2802 Fabr
1701 2763 1753 2801 17
1785 2775 1894 2814 τρυ-

211 2822 308 2871 φᾶν
349 2816 514 2873 scripsi
552 2818 739 2861 auctore
771 2817 840 2861 Re
915 2816 1115 2875 γράφειν
1152 2817 1262 2861 libri
1302 2817 1391 2861 edd
1434 2818 1441 2876 Ι
1483 2817 1625 2861 αὑτὸν
1656 2830 1712 2860 ex
1750 2817 1893 2862 αὐτὸν

211 2887 313 2917 con·
342 2874 400 2918 1²
552 2879 606 2919 18
638 2875 830 2933 εὔχεσθε
873 2877 917 2922 U
941 2877 988 2920 et
1023 2877 1057 2920 I
1082 2876 1164 2920 sed
1201 2876 1250 2919 in
1287 2875 1375 2920 hoe
1416 2892 1435 2920 ε
1474 2876 1692 2920 ultimum
1729 2876 1779 2919 in
1817 2889 1892 2919 ras

208 2932 279 2976 m¹
320 2935 326 2990 Ι
370 2933 545 2989 ὀρέξειν
576 2935 688 2979 ΒΜ
