2026 3168
199 137 267 189 98
738 135 964 179 LIBANH
996 133 1336 179 ORATIONES

199 274 399 334 θόντες
436 291 493 324 τε
534 272 625 324 διὰ
664 272 1016 340 Χαλκηδόνος
1056 271 1147 323 διά
1185 290 1242 324 τε
1277 270 1553 334 Ἀστακίας
1598 273 1780 340 τρίτης
1817 291 1877 326 τε

201 360 383 431 ἑτέρας
421 362 630 422 πόλεως
667 367 862 430 μικρᾶς
899 359 1002 428 μὲν
1040 358 1099 412 ἐκ
1136 360 1371 428 μεγάλης
1408 368 1503 429 τῆς
1532 364 1683 430 πρίν,
1722 359 1876 429 ἐχού-

199 465 295 519 σης
335 448 399 502 δέ
432 468 485 501 τι
530 449 731 511 παντὸς
781 448 1054 517 μεγέθους
1099 451 1300 517 μεῖζον,
1355 448 1585 519 γέροντα
1638 449 1878 518 γλώττης

202 540 370 608 ἡδονῇ
417 544 492 610 τῷ
525 535 767 606 Νέστορι
814 537 1225 606 παρισούμενον
1272 537 1362 589 καὶ
1413 537 1543 590 αὐτὸ
1595 539 1663 606 δὴ
1712 545 1878 590 τοῦτο
1932 585 1934 587 ,

155 649 174 680 5
201 628 292 679 διὰ
329 634 492 679 τοῦτο
533 626 876 692 καλούμενον
907 629 1116 692 μᾶλλον
1146 624 1179 693 ἢ
1213 625 1345 695 ὅπερ
1379 624 1407 678 ὁ
1439 628 1613 696 πατήρ
1646 645 1703 678 τε
1736 625 1883 697 αὐτῷ

197 714 286 768 καὶ
324 715 356 783 ἡ
397 717 570 784 μήτηρ
613 717 826 782 ἔθεντο,
870 713 1114 766 ἐνταῦθα
1151 714 1346 777 ξενίων
1374 715 1573 782 τυχών,
1608 722 1707 767 τοῦ
1742 717 1876 784 Κρι-

199 806 399 857 σπίνου
440 804 502 856 δὲ
540 805 645 873 ἄρα
683 804 947 872 κηδεστὴς
986 797 1148 865 οὗτος
1186 798 1272 871 ἧν,
1313 805 1542 873 ἔρχομαί
1575 822 1632 855 τε
1669 805 1745 866 εἰς
1774 803 1878 871 τὴν

192 891 549 962 “Ηρακλέους,
598 892 670 961 ἢν
709 894 920 945 ἔκτισεν
967 890 1174 954 ἐκεῖνος
1222 898 1322 945 τοῦ
1372 900 1483 944 τῶν
1532 892 1674 944 κάτω
1725 897 1880 945 θεῶν

107 994 226 1036 R24
258 982 529 1050 κρατήσας
566 983 750 1048 κυνός,
785 978 791 1051 Ι
841 979 931 1033 καὶ
969 981 1071 1048 τὴν
1117 979 1387 1048 ἀνάβασιν
1426 977 1593 1033 εἶδον.
1671 980 1756 1033 31.
1794 1000 1878 1034 τε-

133 1093 174 1123 10
198 1069 535 1136 τελεσμένων
596 1071 664 1138 δὴ
725 1076 801 1140 τῷ
855 1070 1144 1141 Κρισπίνῳ
1204 1070 1427 1122 πάντων
1486 1069 1624 1138 ὑπὲρ
1681 1064 1761 1122 ὧν
1813 1088 1879 1136 με

198 1158 395 1227 ἀφῖκτο
444 1159 651 1227 λαβών,
705 1159 873 1211 πάλιν
919 1177 976 1211 τε
1026 1155 1094 1226 ἦν
1144 1157 1504 1228 ἀναστρέφων
1551 1156 1612 1211 ἐν
1659 1166 1723 1228 τῇ
1777 1165 1879 1211 τοῦ

197 1249 627 1300 Κωνσταντίνου
673 1248 830 1299 πόλει
875 1247 964 1299 καὶ
1003 1247 1240 1315 καταβὰς
1286 1247 1362 1309 εἰς
1409 1245 1600 1314 λιμένα
1644 1248 1743 1299 τὸν
1787 1245 1879 1313 με’-

197 1356 302 1403 γαν
341 1335 446 1404 ἐγὼ
486 1335 603 1404 μέν,
656 1335 805 1398 ὅστις
839 1333 1101 1404 Ἀθήναζε
1139 1334 1320 1404 πλέοι,
1366 1335 1595 1406 περιιὼν
1635 1333 1879 1388 ἐπυνθα-

196 1426 388 1493 νόμην,
435 1427 738 1493 λαβόμενος
776 1425 842 1477 δέ
874 1445 982 1492 μου
1027 1426 1394 1510 τοῦκῑματιόυ
1440 1433 1552 1477 τῶν
1597 1444 1679 1486 τις
1726 1425 1878 1477 διδα-

131 1535 171 1567 15
198 1513 432 1581 σκάλων,
466 1518 578 1566 ἴστε
606 1513 792 1581 αὐτόν,
823 1513 1099 1566 Νικοκλέα
1131 1512 1270 1580 λέγω
1302 1513 1399 1566 τὸν
1423 1513 1879 1581 Λακεδαιμόνιον,

199 1597 361 1665 οὗτός
398 1621 464 1671 με
504 1601 831 1671 ἐπιστρέψας
867 1603 1006 1671 πρὸς
1044 1601 1261 1670 ἑαυτόν,
1301 1601 1367 1654 οὐ
1405 1603 1606 1654 τοῦτόν
1637 1614 1714 1668 σε,
1753 1599 1879 1669 ἔφη,

200 1693 285 1744 δεῖ
335 1694 566 1743 πλεῦσαι
619 1690 717 1743 τὸν
769 1695 966 1759 πλοῦν,
1021 1689 1139 1743 ἀλλ’
1183 1689 1384 1761 ἕτερον.
1471 1690 1560 1742 καὶ
1613 1691 1737 1742 τίνα
1790 1690 1879 1758 ἄν,

199 1782 357 1849 ἔφην,
419 1778 608 1849 ἕτερον
662 1778 691 1832 ὁ
746 1788 858 1832 τῶν
907 1777 1156 1847 Ἀθηνῶν
1209 1780 1529 1848 γλιχόμενος
1589 1778 1623 1848 ἢ
1679 1785 1881 1831 τοῦτον

198 1867 378 1933 πλέοις
419 1867 519 1936 ὅτι,
561 1865 602 1921 ὦ
634 1868 882 1938 μακάριε,
920 1866 1046 1938 παρ’
1076 1867 1208 1937 ἡμῖν
1240 1882 1316 1936 σε,
1349 1869 1472 1936 ἔφη,
1511 1866 1746 1936 μένοντα
1776 1867 1879 1936 χρὴ

131 1979 173 2009 20
199 1959 535 2025 κυβερνῆσαι
574 1965 686 2010 τῶν
723 1961 945 2010 πολλῶν
982 1957 1215 2010 τουτωνὶ
1247 1957 1337 2009 καὶ
1372 1956 1719 2025 εὐδαιμόνων
1748 1958 1880 2018 τοὺς

197 2046 411 2108 παῖδας.
487 2047 549 2097 ἔα
600 2046 668 2113 δὴ
717 2046 819 2113 τὴν
868 2052 1013 2098 ναῦν
1061 2045 1151 2097 καὶ
1203 2043 1323 2113 ἐμοὶ
1368 2046 1572 2097 πείθου
1618 2044 1706 2097 καὶ
1745 2045 1878 2113 μήτε

198 2134 404 2186 σαυτὸν
451 2137 583 2202 μήτε
629 2133 769 2201 ἡμᾶς
815 2133 990 2186 ἀδίκει
1040 2130 1175 2202 μηδὲ
1226 2132 1411 2201 ἀγαθὰ
1458 2133 1634 2186 πολλοί
1681 2152 1738 2185 τε
1786 2133 1877 2185 καὶ

197 2222 403 2289 μεγάλα
451 2224 751 2292 προσιόντα
791 2230 964 2290 φεῦγε
1002 2220 1126 2290 μηδ’
1174 2223 1363 2291 ἄρχειν
1409 2220 1530 2285 ἐξὸν
1580 2218 1879 2291 ἀρξόμενος

315 2386 337 2424 1
363 2381 636 2437 Bithynium
653 2381 1004 2439 (Claudiopolis)
1029 2381 1196 2438 (strab.
1214 2382 1298 2424 XII
1322 2397 1366 2437 p.
1386 2386 1485 2425 565.
1509 2380 1760 2424 Paus.V111
1776 2384 1816 2434 9,
1836 2384 1874 2424 7.

195 2439 368 2494 Perrot,
387 2441 690 2498 Exploration
707 2441 825 2485 dela
842 2440 993 2485 Galab.
1011 2441 1032 2484 I
1044 2456 1088 2497 p.
1107 2446 1163 2484 42
1178 2442 1292 2496 sq.)?
1317 2440 1373 2483 cf.
1388 2439 1609 2484 Themist.
1629 2453 1690 2483 or.
1709 2439 1878 2482 XXVII

195 2513 238 2554 p.
267 2499 396 2541 332d
414 2514 479 2555 sq.
573 2504 598 2543 8
629 2500 851 2556 Pompon.
876 2500 983 2543 Mel.
1008 2500 1030 2543 I
1055 2503 1123 2544 19.
1154 2499 1289 2542 Dion.
1313 2499 1412 2543 Per.
1445 2502 1528 2542 788
1545 2512 1610 2556 sq.
1705 2502 1759 2541 15
1791 2498 1875 2554 Ep.

196 2561 293 2601 721.
322 2562 447 2602 1137.
475 2559 624 2602 1429b.
659 2558 779 2603 Socr.
804 2559 850 2603 h.
875 2559 984 2603 eccl.
1010 2559 1073 2602 III
1099 2564 1121 2601 1
1146 2573 1191 2614 p.
1208 2562 1291 2601 167
1309 2558 1345 2600 B

302 2709 339 2761 ¹1
367 2704 417 2749 δὲ
441 2705 486 2749 L
577 2710 602 2749 2
626 2703 802 2755 πόλεως
823 2732 881 2737 -
906 2711 933 2749 4
957 2705 1299 2761 παρισούμενον
1323 2704 1591 2760 praemissis
1615 2703 1766 2747 verbis
1797 2703 1876 2759 ‘'⁹52'‘

195 2766 345 2819 θομεν
371 2766 451 2808 διὰ
476 2764 592 2807 citaf,
614 2764 732 2807 Plan
756 2763 822 2806 fol
847 2769 900 2807 21
1003 2769 1028 2807 5
1054 2763 1135 2808 διὰ
1157 2764 1312 2820 τοῦτο]
1339 2765 1555 2807 διατοῢτο
1580 2764 1626 2807 Β
1651 2763 1877 2817 „fortasse

197 2822 424 2866 delenda“
457 2822 619 2866 Iacobs
650 2822 818 2866 Achill.
853 2823 903 2866 T.
937 2827 1021 2866 803
1122 2827 1147 2866 6
1179 2820 1361 2874 ξεινίων
1393 2823 1438 2866 L
1535 2826 1560 2864 9
1595 2822 1708 2867 ἰδὼν
1738 2824 1873 2866 τετελ.

195 2881 296 2924 Mor
314 2881 374 2924 ad
391 2880 552 2924 Liban.
572 2879 895 2938 Προσφ.Ἰουλ.
916 2882 986 2925 ed.
1002 2881 1146 2924 Paris.
1169 2885 1282 2924 1610
1306 2895 1351 2936 p.
1368 2885 1424 2924 24
1487 2885 1540 2924 12
1564 2888 1618 2939 τῇ
1643 2895 1876 2925 κωνσταν-

195 2938 458 2985 τινουπόλει
490 2942 535 2984 Β
626 2944 681 2983 20
713 2947 804 2984 τῶν
835 2943 1013 2984 πολλῶν
1046 2954 1120 2983 om
1152 2941 1197 2983 B
1289 2944 1343 2983 23
1376 2939 1627 2996 φεύγεινΙι
1653 2939 1660 2998 Ι
1693 2939 1807 2996 μηδὲ
1830 2939 1874 2983 L
