2026 3168
161 121 268 174 26ss
704 120 930 164 LIBANII
961 120 1302 165 ORATIONES

269 259 411 317 Quod
450 260 759 308 simillimum
796 275 900 309 esse
941 263 1148 323 apparet
1187 262 1233 308 ei
1272 261 1403 323 quod
1443 277 1592 325 supra
1635 264 1689 310 in
1731 278 1839 310 ora-

156 335 292 383 tione
337 334 390 382 H
437 333 559 400 πρὸς
607 332 723 392 τοὺς
770 332 930 400 βαρὺν
980 332 1130 382 αὐτὸν
1169 332 1461 394 καλέσαντας
1510 336 1839 384 stabilivimus

159 409 360 471 excepto
414 408 545 470 quod
593 408 895 456 Barberinus
946 425 1006 455 ex
1054 408 1225 456 eodem
1274 424 1370 470 quo
1408 409 1690 458 Marcianus
1728 408 1842 458 XOI

158 484 188 530 2
224 475 295 549 (I)
335 481 499 530 codice
538 475 612 548 (o)
650 482 813 543 fiuxit,
860 483 948 544 qui
986 496 1292 531 communem
1330 499 1442 532 cum
1478 483 1718 532 Urbinate
1767 500 1838 547 gr.

161 557 262 604 126
304 556 492 603 fontem
530 555 717 603 habuit.

266 629 626 678 Laurentianus
673 631 839 677 autem
885 628 1026 678 LVII
1065 631 1134 676 44
1183 630 1334 677 etiam
1379 630 1432 677 in
1477 631 1569 679 hac
1616 632 1838 679 oratione

155 705 415 765 tantopere
453 704 589 752 vitiis
629 705 807 764 scatet,
849 706 906 750 ut
943 702 1179 752 lectiones
1218 705 1321 751 eius
1361 703 1423 751 ab
1463 706 1709 767 apparatu
1746 707 1837 753 cri-

154 779 254 825 tico
295 777 490 825 exulare
528 778 766 826 iusserim.
842 777 1218 838 Interpolatoris
1257 793 1430 825 manus
1468 779 1548 826 vel
1592 778 1644 825 in
1688 779 1837 827 titulo

153 851 419 898 manifesta
458 853 543 899 est.
616 850 843 899 Ceterum
882 851 945 899 ad
977 866 1035 898 ea
1067 866 1192 913 quae
1225 851 1284 898 de
1317 852 1540 900 oratione
1570 850 1693 918 πρὸς
1722 851 1838 911 τοὺς

154 922 315 990 βαρὺν
353 922 504 973 αὐτὸν
542 922 836 984 καλέσαντας
873 925 1128 986 praefatus
1168 940 1276 973 sum
1313 927 1363 973 te
1403 925 1590 989 delego.

268 999 572 1046 Testimonia
611 999 803 1047 desunt.

264 1072 433 1120 Editio
471 1073 797 1121 Ferrariensis
836 1065 1003 1139 (Ferr)
1044 1066 1151 1139 (fol.
1188 1066 1548 1139 191v—194v)
1597 1089 1622 1120 e
1670 1073 1835 1122 codice

153 1146 607 1195 Wolfenbuttelano
639 1146 796 1194 fiuxit.
843 1146 1077 1194 Morellus
1101 1146 1315 1195 editione
1347 1147 1588 1210 singulari
1599 1141 1642 1214 1)
1666 1149 1839 1209 postea

272 1275 315 1330 1)
345 1273 504 1317 Editio
534 1272 675 1316 hodie
705 1271 944 1316 rarissima
977 1271 1107 1316 cuius
1138 1287 1284 1317 unum
1315 1273 1551 1329 exemplar
1581 1274 1631 1316 in
1665 1271 1836 1316 biblio—

151 1331 289 1375 theca
326 1331 556 1375 nationali
593 1331 807 1375 Parisina
843 1332 1048 1388 reperire
1087 1331 1306 1390 contigit,
1346 1332 1591 1389 inscripta:
1641 1333 1837 1377 Libanii

151 1390 388 1447 Sophistae
417 1391 569 1436 Sermo
600 1392 663 1436 ad
700 1393 910 1444 Iuvenes,
952 1391 1005 1435 de
1043 1392 1247 1436 oratione
1283 1405 1362 1436 seu
1399 1392 1612 1449 apoloyia
1649 1392 1834 1436 silentii.

155 1449 415 1508 {Federicus
447 1450 670 1495 Morellus
708 1451 1023 1504 Profe-ssorum
1060 1455 1102 1494 et
1139 1451 1435 1505 interpretum
1474 1451 1585 1508 Req.
1617 1450 1837 1495 Decimus

156 1509 334 1554 Graeca
369 1510 591 1553 recensuit
628 1514 669 1553 et
706 1524 760 1554 ex
793 1510 976 1554 Mmsm.
1013 1509 1186 1554 Goddm.
1223 1510 1312 1565 side
1349 1509 1620 1562 emendavit,
1667 1510 1837 1554 Latine

150 1569 293 1622 vertit,
326 1582 380 1613 ac
409 1570 530 1613 ‘notis
558 1568 819 1613 illustravit.
867 1568 1104 1627 Lutetiae}
1161 1568 1305 1624 Apud
1334 1569 1446 1612 Fed.
1473 1568 1719 1613 Morellum
1744 1568 1834 1612 Ar-

151 1628 558 1686 chitypoyraphum
589 1629 796 1685 Reyium.
852 1628 964 1672 Non
989 1628 1087 1671 sine
1110 1628 1222 1685 Rey.
1248 1628 1490 1686 privilegio
1521 1627 1722 1684 primum
1755 1627 1838 1670 dat

150 1687 408 1730 versionem
431 1686 629 1730 latinam
654 1689 715 1743 (p.
738 1688 914 1759 3—15)
941 1686 1109 1730 deinde
1132 1688 1312 1730 textum
1335 1699 1554 1744 graecum
1578 1689 1639 1744 (p.
1660 1687 1835 1741 1-13),

153 1746 269 1789 duas
309 1745 535 1802 epistulas
567 1745 791 1817 Λιβάνιος
816 1742 1114 1821 Ἀνδρονίκῳ·
1154 1742 1260 1789 AM!
1291 1745 1377 1802 ἐγώ
1418 1760 1491 1789 σοι
1529 1747 1603 1803 (=
1636 1758 1707 1802 ep.
1735 1746 1836 1802 175)

152 1802 537 1865 θ1ῡ’ολυμπιανῷ·
574 1801 745 1861 ,Ωισπερ
784 1803 830 1848 οι
867 1805 976 1855 τοὺς
1013 1806 1086 1861 (=
1120 1817 1190 1861 ep.
1225 1806 1327 1860 584)
1368 1806 1428 1861 (p.
1465 1809 1589 1847 13——
1534 1806 1674 1862 -15>
1713 1817 1835 1860 quae

152 1864 295 1908 etiam
333 1864 384 1906 in
423 1877 614 1920 operum
652 1865 778 1907 tomo
808 1864 851 1907 H
889 1879 933 1920 p.
960 1867 1045 1907 575
1087 1864 1134 1907 et
1165 1868 1249 1907 576
1290 1863 1400 1907 huic
1439 1863 1640 1908 orationi
1679 1877 1834 1907 succe-

152 1923 283 1979 dunt,
315 1923 536 1978 denique:
569 1922 743 1980 Σχόλια
767 1922 1042 1980 στοχαστικὰ
1065 1921 1346 1979 σφαλμάτων
1370 1921 1626 1979 διόρθωσιν
1659 1924 1720 1979 (Ρ.
1748 1924 1833 1979 16).

151 1982 313 2025 Annus
346 1995 438 2038 quo
472 1981 617 2026 editio
656 1981 781 2025 foras
819 1982 964 2026 missa
995 1983 1079 2037 est,
1112 1981 1416 2026 desideratur.
1478 1982 1531 2025 In
1564 1982 1839 2040 „Cataloyue

151 2042 205 2085 de
236 2042 283 2085 la
313 2041 627 2097 Bibliotheque
657 2041 721 2085 du
752 2042 864 2095 Rei,
896 2042 1045 2085 Belles
1075 2042 1250 2085 Lettres
1283 2041 1333 2087 T.
1359 2042 1395 2084 Ι
1412 2055 1461 2098 p.
1487 2044 1579 2085 107
1610 2055 1654 2084 n.
1681 2043 1832 2084 1727“

152 2113 273 2143 anno
307 2105 421 2144 1613
454 2100 732 2157 assignatur.
795 2099 987 2145 Cautius
1006 2099 1110 2147 erit
1140 2099 1295 2144 dicere
1325 2113 1418 2144 non
1451 2102 1559 2144 ante
1589 2098 1712 2143 hunc
1751 2112 1833 2143 an-

150 2174 262 2202 num
301 2172 404 2203 eam
441 2159 691 2216 prodiisse,
723 2159 898 2216 quippe
929 2172 1050 2215 quae
1081 2172 1194 2203 vers
1226 2159 1307 2202 lat.
1340 2174 1384 2215 p.
1414 2163 1438 2202 7
1470 2159 1551 2202 lin.
1578 2163 1603 2201 3
1640 2159 1836 2215 (consule

151 2218 377 2273 chrasin
407 2218 724 2262 Libanianam
753 2219 951 2263 Iwnonis
982 2219 1189 2290 pronube
1227 2232 1374 2274 nuper
1410 2233 1441 2262 a
1478 2218 1608 2262 nobis
1646 2218 1834 2275 διγλώτ-

150 2293 239 2327 τως
268 2278 453 2334 editam)
492 2276 712 2320 'editionis
753 2276 1019 2334 ἐκφράσεως
1047 2273 1197 2333 ’Ἠρας
1234 2277 1322 2320 hoc
1354 2290 1476 2320 anno
1507 2276 1631 2320 foras
1662 2277 1834 2320 missae

150 2336 434 2380 mentionem
456 2336 615 2380 faciat.
662 2336 782 2379 l⁴ons
815 2349 954 2392 quem
977 2338 1245 2392 sequeretur
1266 2335 1536 2392 potissimus
1567 2335 1659 2378 fuit
1689 2333 1834 2379 editio

151 2395 487 2449 Ferrariensis3
526 2396 711 2452 praeter
748 2395 871 2439 hanc
911 2408 1049 2451 quem
1080 2394 1153 2438 vel
1185 2409 1298 2450 quos
1339 2394 1606 2438 adhibuerit
1637 2393 1833 2447 codices,

152 2456 278 2497 certo
311 2454 465 2498 dicere
495 2467 589 2497 non
613 2467 746 2510 queo,
779 2454 986 2511 cogitare
1009 2455 1167 2497 tamen
1189 2453 1301 2498 licet
1325 2454 1383 2497 de
1407 2453 1636 2497 Vaticano
1659 2467 1727 2509 gr.
1747 2456 1831 2495 939

151 2511 225 2569 (cf.
266 2527 310 2568 p.
346 2514 440 2569 68),
486 2513 762 2568 praesertim
809 2527 915 2558 cum
959 2513 1108 2557 Index
1152 2513 1411 2557 orationum
1456 2514 1582 2556 tomo
1630 2511 1832 2555 secundo

152 2584 344 2628 operum
375 2572 655 2628 praemissus
689 2572 893 2616 Codicem
924 2572 1184 2616 Romanum
1220 2577 1262 2615 et
1291 2571 1573 2621 Bavarieum
1610 2569 1832 2625 nominet,

153 2632 200 2674 et
231 2629 403 2674 codicis
434 2630 654 2674 Vaticani
689 2631 872 2687 copiam
909 2630 1006 2674 iam
1044 2631 1152 2674 ante
1185 2642 1357 2673 annum
1390 2627 1627 2684 1614wsi
1658 2628 1833 2672 factam

152 2702 252 2733 esse
267 2688 524 2732 Morellus'
511 2704 561 2732 ln
583 2689 876 2745 praefatione
893 2691 1141 2733 Βασιλικοῦ
1165 2690 1374 2742 testetur,
1399 2687 1650 2731 Bavaricus
1675 2689 1833 2732 autem

151 2748 202 2791 id
233 2749 306 2791 est
327 2747 618 2792 Monacensis
649 2763 715 2806 gr.
743 2753 825 2792 101
852 2750 900 2792 et
926 2753 1008 2792 113
1034 2747 1108 2804 (cf.
1133 2763 1176 2804 p.
1204 2751 1289 2791 220
1307 2749 1391 2804 sq.)
1423 2747 1544 2790 hanc
1575 2747 1832 2790 orationem

151 2820 244 2850 non
291 2806 539 2850 contineat.
601 2807 642 2850 A
687 2807 897 2852 Parisino
944 2808 1100 2851 autem
1146 2821 1213 2863 gr.
1259 2810 1373 2850 3016
1421 2805 1666 2848 discedunt
1712 2806 1832 2849 duae

151 2864 375 2909 lectiones
407 2865 501 2910 ἀπὸ
534 2867 582 2909 et
612 2865 721 2921 ἡμῖν
754 2879 857 2909 cum
883 2865 1155 2921 compendio
1188 2882 1242 2922 γρ
1274 2865 1323 2908 in
1347 2864 1558 2921 margine
1582 2878 1654 2920 op.
1679 2863 1722 2907 Π
1746 2868 1832 2907 570

153 2926 225 2980 (=
251 2939 295 2979 p.
322 2929 420 2977 272,
446 2929 473 2967 8
498 2926 545 2968 et
571 2927 642 2981 10>
674 2938 702 2968 a
733 2923 925 2968 Morello
957 2924 1181 2980 prolatae.
