2026 3168
744 157 972 201 LIBANII
1004 156 1346 201 ORATIONES
1780 156 1888 210 245

210 297 339 360 ἴστε,
379 292 605 361 δραμὼν
643 293 705 346 δὲ
743 293 815 355 ὡς
852 292 993 359 ὑμᾶς
1024 291 1126 345 οὐκ
1158 291 1463 345 ἀκίνδυνον
1495 293 1704 362 δρόμον
1737 291 1889 361 [δρό-

206 381 354 450 μον],
393 380 649 434 ἐναντίον
686 389 750 451 τῇ
789 389 888 434 τοῦ
927 380 1193 450 βασιλέως
1224 379 1507 452 ἐπιθυμίᾳ,
1546 380 1799 434 ἐπίδοσιν
1829 380 1891 432 δὲ

207 470 464 538 λαμπρὰν
501 478 617 532 τοῖς
657 471 840 538 λόγοις
878 468 1323 538 ἐνεργασάμενος.
1389 470 1595 538 ταύτην
1626 466 1730 522 οὖν
1760 487 1892 537 προ-

207 559 396 627 φέρων
433 566 498 628 τῇ
537 560 690 612 πόλει
728 559 830 627 τὴν
869 556 1189 627 εὐεργεσίαν
1227 558 1526 612 οὐδοτιοῦν
1559 558 1565 625 Ι
1603 557 1799 626 ἀνῆκας
1830 569 1873 613 R
1895 573 1980 612 178

204 645 296 700 καὶ
335 649 418 709 τίς
456 647 630 710 οὕτως
669 647 915 717 ἀναιδής,
956 648 1105 710 ὅστις
1144 648 1319 700 εἰπεῖν
1355 650 1677 716 τολμήσειεν
1715 648 1806 711 ἄνς
1938 665 1959 698 5

320 736 403 788 18.
452 734 672 804 'Amm‘q
708 736 971 802 βάδισις
1001 738 1296 805 φορτική.
1357 738 1506 804 ποία,
1537 736 1683 804 πλὴν
1713 736 1762 788 εἰ
1791 736 1894 803 τὴν

205 825 354 894 παρὰ
384 832 484 877 τοῦ
515 827 822 893 νοσήματος
847 823 997 892 λέγοι
1020 845 1125 889 τις;
1158 825 1317 877 ἀλλὰ
1347 825 1415 877 τὸ
1447 823 1719 893 βλέμμα,
1754 822 1886 876 ἀλλ’

209 914 274 966 αἱ
296 913 567 982 ὀφρύες,
590 912 724 966 ἀλλ’
754 914 787 981 ἡ
812 917 1008 982 φωνή.
1064 914 1131 966 οὐ
1156 914 1269 967 τὸν
1293 912 1595 982 ἐπίχαρίν
1617 932 1683 982 με
1705 915 1894 965 καλεῖν

206 1002 464 1065 εἰώθατε;
517 1001 669 1054 ταῦτ’
723 997 828 1055 οὖν
881 995 1003 1055 οἷόν
1055 1021 1112 1054 τε
1164 1003 1231 1054 τὰ
1284 1001 1526 1071 ὀνόματα
1579 1004 1894 1069 συνελθεῖν,

208 1090 344 1143 ὥστε
383 1092 484 1144 τὸν
515 1091 685 1144 αὐτὸν
715 1092 877 1144 τοῦτό
907 1110 965 1143 τε
996 1091 1086 1143 καὶ
1116 1092 1298 1160 βαρὺν
1329 1089 1391 1143 ε’ν
1422 1091 1545 1160 δίκῃ
1577 1094 1893 1154 καλεῖσθαι;
1917 1109 1960 1142 10

213 1179 297 1231 19.
338 1177 445 1232 εἰσὶ
484 1182 680 1233 τοίνυν
718 1178 881 1246 τινές,
921 1181 975 1232 οἳ
1012 1186 1087 1251 τῷ
1119 1180 1219 1233 τὸν
1256 1178 1466 1247 γέλωτα
1502 1177 1895 1247 καθάπαξφυ-

206 1277 328 1335 γεῖν
366 1268 573 1336 ταύτην
609 1267 911 1336 ἠνέγκαντο
950 1270 1052 1336 τὴν
1093 1270 1486 1337 προσηγορίαν.
1562 1265 1680 1320 πότ’
1718 1262 1823 1320 οὖν
1861 1266 1894 1335 ἢ

209 1356 518 1411 διεκώλυσα
571 1361 845 1424 γελῶντας
905 1356 938 1424 ἢ
994 1356 1163 1425 νέφος
1221 1355 1498 1425 ἐπήγαγον
1552 1356 1894 1425 εὐφροσύνης

206 1446 437 1507 ποσάκις
491 1442 550 1498 δὲ
602 1445 766 1508 αὐτὸς
818 1446 1037 1514 ἡγεμὼν
1091 1444 1358 1514 ἐγενόμην
1413 1444 1645 1513 γέλωτος
1698 1442 1760 1497 ἐν
1812 1436 1895 1506 οἷς

206 1531 355 1602 ἐξῆν;
409 1533 524 1586 ε’πεὶ
572 1534 816 1603 σπουδῆς
862 1554 924 1602 γε
969 1535 1060 1587 καὶ
1106 1536 1371 1603 προνοίας
1408 1533 1742 1603 πραγμάτων
1780 1530 1894 1585 ἐπι-
1918 1553 1961 1587 15

204 1624 553 1691 στρεφούσης
582 1623 719 1692 πρὸς
743 1621 944 1691 ἑαυτὴν
964 1624 1213 1692 πονηρὸν
1236 1621 1306 1676 ἂν
1335 1618 1409 1690 ἦν
1438 1626 1607 1690 γελᾶν
1637 1640 1695 1674 τε
1726 1621 1896 1674 αὐτὸν

205 1712 296 1763 καὶ
349 1715 518 1780 γελᾶν
571 1710 790 1781 ἑτέρους
843 1721 1039 1765 ποιεῖν.
1131 1711 1218 1764 20.
1275 1718 1547 1764 τοσοῦτον
1601 1706 1662 1762 δὲ
1716 1709 1894 1779 ἀπέχω

206 1799 406 1867 ταύτης
458 1807 554 1867 τῆς
607 1801 806 1868 αἰτίας,
860 1799 987 1853 ὥστ’
1033 1800 1165 1853 οὐδὲ
1217 1800 1354 1868 πρὸς
1406 1801 1535 1861 τοὺς
1588 1807 1896 1867 φοιτῶντας

208 1895 459 1950 τοιοῦτος
514 1888 832 1957 γεγένημαι,
888 1887 1007 1942 ἀλλ’
1051 1889 1262 1957 ἡδονήν
1314 1908 1439 1941 τινα
1489 1888 1590 1955 τὴν
1642 1886 1749 1940 ἀπὸ
1800 1894 1897 1955 τῆς

206 1973 533 2045 ἡμερότητος
558 1979 912 2046 καταμιγνύω
945 1984 1020 2050 τῷ
1046 1977 1336 2046 πράγματι,
1368 1975 1442 2029 δι’
1473 1976 1545 2044 ἣν
1576 1972 1745 2029 οὐδὲν
1774 1974 1894 2029 δέο-
1917 1998 1963 2030 ao

206 2084 302 2133 μαι
349 2068 576 2133 πληγῶν
628 2065 870 2119 ἑκόντων
916 2067 1129 2119 ἅπαντα
1173 2066 1517 2132 ποιούντων,
1569 2063 1788 2132 ἑτέρους
1834 2064 1896 2118 δὲ

211 2157 369 2221 ἴσμεν
406 2155 605 2223 μυρίας
644 2154 886 2222 ῥάβδους
931 2154 1303 2223 ἀνηλωκότας,
1351 2156 1406 2206 οἳ
1450 2154 1578 2206 οὔτε
1624 2160 1896 2206 τοσοῦτον

208 2239 566 2310 ἐδυνήθησαν
604 2241 720 2295 οὔτ’
758 2242 1075 2312 ἐκλήθησαν
1113 2241 1143 2295 ὃ
1182 2251 1290 2296 νῦν
1329 2241 1450 2310 ἐγώ.

331 2495 352 2533 1
387 2490 454 2540 εἰς
483 2490 605 2547 ἡμᾶς
636 2491 697 2534 Μ
727 2492 733 2549 Ι
773 2489 947 2566 δρόμον
979 2491 1178 2535 albex-um
1209 2491 1465 2535 cancellavi
1586 2495 1613 2534 3
1645 2472 1893 2548 ἐνεργασά-

208 2564 348 2604 μενον
374 2551 459 2594 Μο
549 2555 576 2593 4
609 2548 711 2594 οὐδ’
742 2548 812 2594 ὅτι
844 2546 929 2594 οὖν
961 2552 1100 2594 acuto
1131 2564 1217 2606 sup
1219 2564 1273 2595 ra
1304 2550 1328 2595 ὁ
1361 2552 1410 2596 et
1440 2549 1610 2606 spiritu
1632 2549 1728 2594 leni
1752 2562 1894 2605 supra.

208 2623 238 2650 υ
262 2621 393 2652 eraso
417 2610 463 2653 A
523 2606 630 2653 οὐδ’
658 2607 728 2653 ὅτι
753 2616 837 2654 οὖν
864 2609 903 2655 Ο
951 2606 1055 2654 οὐδ’
1076 2607 1234 2654 ὁτιοῦν
1251 2609 1407 2655 ΡΒΜ
1415 2610 1515 2667 [111
1542 2609 1726 2665 signum
1751 2609 1892 2652 inter-

1492 2667 1542 2712 αἱ
1659 2668 1739 2717 ὗες
1871 2683 1875 2686 ·

210 2725 467 2798 rogationis
499 2741 573 2771 om
597 2727 666 2770 Re
757 2730 783 2770 6
809 2724 919 2784 εἰ]““
894 2743 923 2782 η
950 2728 1035 2771 Mo
1113 2731 1136 2770 7
1161 2727 1255 2772 ἀπὸ
1285 2727 1355 2771 Re
1446 2731 1473 2771 8
1505 2726 1534 2783 ἡ
1568 2743 1718 2782 οφρυς
1750 2726 1834 2770 Mo

216 2782 242 2838 ἡ
276 2783 423 2839 ὀφῼὺς
448 2786 521 2831 UI
583 2784 730 2842 ὀφοὺς
759 2785 884 2828 Fabr
1003 2790 1059 2829 10
1090 2793 1255 2832 τοῦτον
1285 2785 1409 2831 Fabr
1516 2791 1568 2829 11
1601 2789 1665 2845 τῷ
1688 2785 1814 2829 inser
1836 2783 1894 2827 1²

272 2843 552 2889 ΙῦέπὶΜο
590 2845 622 2917 Ι
637 2844 969 2919 ysinrasP
1014 2846 1123 2888 ante
1161 2831 1756 2890 sunalitteraeradain
1798 2845 1842 2888 U

211 2900 264 2945 δὲ
289 2901 373 2946 Mo
400 2903 408 2960 1
433 2902 717 2960 πραγμάτων
744 2901 971 2958 προνοίας
993 2903 1106 2947 ΒΜ
1196 2908 1251 2947 18
1284 2903 1396 2948 ὥστε
1420 2903 1532 2949 ΒΜ
1553 2904 1562 2962 Ι
1587 2904 1696 2955 τοὺς
1726 2917 1800 2946 om
1828 2903 1900 2948 ΠΙ

273 2965 327 3003 22
358 2969 549 3005 τοσοῦτο
582 2961 674 3005 edd
795 2966 851 3005 23
883 2962 988 3006 οὔτε
1021 2964 1107 3007 Mo
