2026 3168
174 98 280 150 104
711 98 938 142 LIBANH
969 97 1310 142 ORATIONES

171 234 541 304 ἀποκρύπτειν
586 236 730 306 λόγῳ
777 235 945 301 λόγον
990 233 1277 302 γράψαντα
1321 233 1446 303 περὶ
1492 228 1674 304 ὧνπερ
1725 232 1851 303 ἐγώ,

169 324 384 385 πάντως
423 321 471 375 δ’
519 324 588 375 ἄν
625 342 691 390 με
728 331 794 392 τῇ
825 324 1010 391 πρώτῃ
1042 329 1346 392 κατασῦραι
1375 325 1674 392 προσβολῇ,
1706 323 1854 391 πλὴν

82 423 196 467 R32
224 413 271 464 εἰ
302 410 499 482 μήΙπου
531 412 631 479 τὴν
663 412 901 479 δύναμιν
933 411 1003 479 ἣν
1041 406 1187 479 εἶχεν
1226 410 1549 481 ἀπολώλεκε,
1578 411 1852 475 τοιούτοις

170 499 578 569 ἀναπτερωθεὶς
633 500 832 569 ῥήμασι
882 500 1011 568 μηνὶ
1058 499 1295 569 ὕστερον
1339 495 1434 568 Ιἧκε
1478 502 1716 569 κομίζων
1762 502 1852 554 λό-

124 611 143 641 5
170 608 295 657 γον,
348 588 406 651 ὃς
456 588 669 641 ἐκεῖνον
715 591 756 659 ᾠ
804 587 1226 658 προσεπολέμει,
1267 589 1358 641 καὶ
1402 590 1650 658 πρόσθεν
1701 587 1851 642 ἐπαι-

102 1053 143 1083 10

98 1495 140 1528 15

169 677 443 745 νούμενον
502 678 954 747 θαυμαστότερον
1016 675 1309 745 ἀπέφηνεν.
1407 676 1495 729 41.
1555 676 1852 747 ἡττημένος

170 766 237 833 δὴ
297 773 460 818 τοῦτο
528 763 650 818 οὐδ’
717 763 787 817 ἂν
839 770 981 818 θεοῦ
1035 766 1393 834 προειπόντος
1447 764 1668 828 ἐλπίσας
1717 761 1853 834 ἧκεν

169 853 614 922 ἀναμαχούμενος
658 854 759 922 τὴν
804 849 973 922 ἧτταν
1017 860 1093 925 τῷ
1140 854 1200 906 τὸ
1239 856 1382 906 πολὺ
1421 855 1655 923 χρυσίον
1700 855 1849 927 αὐτῷ

166 944 482 1010 πεποιηκότι
542 944 710 1014 λόγῳ,
776 941 867 995 καὶ
937 941 1235 1006 διεξιόντος
1296 941 1468 995 αὐτοῦ
1528 944 1716 1006 κίονας
1781 945 1850 1012 δή

168 1052 319 1093 τινας
372 1029 463 1084 καὶ
519 1032 803 1099 κιγκλίδας
857 1030 1021 1093 ὁδούς
1081 1051 1140 1084 τε
1193 1029 1287 1084 ὑπ’
1348 1031 1601 1100 ἀλλήλων
1658 1051 1852 1101 τεμνο-

165 1118 329 1186 μένας
369 1118 738 1188 ἐμπιπτούσας
777 1119 905 1189 <τε>
945 1119 1045 1172 οὐκ
1085 1116 1190 1172 οἶδ’
1238 1120 1381 1188 ὅποι,
1427 1119 1724 1188 βλέποντες
1773 1122 1851 1184 εἰς

167 1208 436 1276 ἀλλήλους
482 1209 534 1261 οῑ
582 1210 913 1277 καθήμενοι,
960 1216 1209 1261 συνεῖναι
1260 1209 1424 1271 αὐτὸς
1478 1208 1702 1272 ἕκαστος
1748 1209 1851 1262 οὐκ

167 1299 323 1365 ἔχων,
369 1297 601 1366 νεύμασι
647 1299 776 1360 τοὺς
822 1297 1191 1366 ἀφεστηκότας
1229 1297 1472 1368 ἠρώτων,
1522 1299 1569 1351 εἰ
1614 1299 1675 1351 τὸ
1715 1298 1848 1351 αὐτὸ

165 1386 431 1454 πάθοιεν,
485 1384 576 1438 καὶ
637 1386 803 1438 ταύτὸ
859 1394 1023 1439 τοῦτο
1082 1395 1196 1448 τοῖς
1250 1387 1435 1449 ἄλλοις
1489 1385 1594 1454 ἐγὼ
1648 1378 1877 1440 παθὼν

167 1477 469 1542 σαφηνείας
508 1472 674 1537 δόξαν
714 1467 797 1537 οἷς
836 1473 1152 1545 ἐθορύβουν
1190 1474 1500 1545 ἐπειρώμην
1529 1475 1852 1544 περιάπτειν

75 1574 191 1618 R33
216 1569 292 1634 τῷ
333 1564 475 1635 λόγῳ
515 1565 861 1634 χαριζόμενος
888 1561 901 1634 Ι
934 1571 1000 1633 τῇ
1039 1563 1298 1632 φάλαγγι.
1366 1564 1453 1615 42.
1501 1563 1739 1636 δευτέρῳ
1781 1565 1849 1632 δὴ

98 1939 140 1970 20

165 1652 341 1723 τούτῳ
380 1653 591 1721 τρώσας
631 1652 800 1704 αὑτὸν
839 1653 982 1724 λόγῳ
1018 1654 1184 1720 λόγον
1223 1651 1355 1718 ἐμὸν
1386 1651 1574 1722 ἕτερον
1605 1660 1849 1721 φανῆναι

167 1740 460 1793 διακωλύει
505 1742 602 1793 τὸν
648 1741 886 1810 ἄρχοντα
933 1743 1124 1802 πείσας
1174 1742 1227 1794 οἱ
1277 1743 1611 1811 χαρίσασθαι
1659 1742 1721 1794 τὸ
1775 1742 1847 1810 μὴ

167 1828 466 1897 ἀφικέσθαι
505 1850 611 1896 μοι.
683 1826 754 1898 ἦν
794 1829 855 1882 δὲ
894 1828 1103 1892 ἐκεῖνος
1141 1822 1256 1892 οἷος
1294 1831 1384 1883 καὶ
1421 1831 1723 1898 πεισθῆναί
1756 1850 1848 1902 τῳ.

164 1925 259 1985 τῆς
296 1919 491 1970 τοίνυν
538 1920 745 1980 πόλεως
789 1919 1033 1990 τοσούτῳ
1079 1921 1336 1985 μειζόνως
1380 1918 1520 1985 τάμὰ
1574 1917 1848 1987 ἑλομένης,

165 2005 378 2077 ὅσῳπερ
432 2010 643 2073 μᾶλλον
697 2005 838 2077 ἑώρα
890 2016 1002 2060 τῶν
1065 2008 1294 2060 δικαίων
1354 2006 1848 2078 ἀποστερούμενον,

299 2200 323 2238 2
355 2203 614 2252 κατασῦραι
645 2197 810 2252 scripsi
843 2198 1030 2240 auctore
1070 2197 1138 2240 Re
1168 2197 1320 2240 Anim.
1354 2196 1410 2240 cf.
1446 2201 1514 2250 96,
1546 2201 1592 2249 1;
1634 2199 1734 2247 101,
1769 2200 1846 2251 173

165 2257 262 2307 105,
290 2259 336 2308 ’ἲς
371 2259 469 2310 116,
498 2260 550 2298 12
620 2255 879 2311 κατασύραι
909 2255 1019 2299 libri
1053 2258 1099 2299 et
1129 2257 1198 2299 Re
1258 2255 1522 2311 κατασύρας
1551 2256 1663 2298 Fen·
1685 2255 1787 2298 Mor

164 2317 189 2355 3
234 2312 292 2368 μὴ
336 2313 460 2357 inser
501 2328 622 2357 man.
669 2316 762 2358 ant.
804 2316 849 2359 A
893 2315 899 2373 Ι
949 2316 1236 2359 ἀπολώλεκεν
1275 2315 1430 2369 ΑΡΟ,
1479 2314 1560 2358 sed.
1601 2313 1650 2356 in
1691 2313 1779 2356 hoc
1817 2331 1846 2358 ν

163 2371 251 2415 del.
282 2372 287 2429 Ι
314 2372 541 2423 τοιούτοις
564 2400 621 2405 -
647 2378 672 2416 8
697 2370 842 2428 ἧτταν
875 2374 991 2417 citat
1021 2374 1138 2417 Plan
1161 2374 1227 2418 fol
1252 2379 1304 2418 21
1428 2379 1455 2417 4
1481 2368 1563 2427 ἧκε
1586 2399 1644 2405 -
1671 2377 1694 2416 7
1720 2370 1844 2416 ἐλπί-

163 2444 247 2480 σας
277 2445 350 2474 om
374 2430 492 2474 Plan
519 2432 524 2490 Ι
551 2430 749 2488 κομίζων
773 2432 854 2477 τὸν
878 2431 1015 2490 λόγον
1039 2435 1083 2477 L
1175 2439 1199 2476 6
1225 2431 1437 2489 ἀπέφηνε
1459 2429 1843 2488 θαυμαστότερον

163 2490 205 2532 L
327 2494 350 2532 7
383 2506 494 2534 ποτε
524 2493 631 2546 post
660 2494 779 2535 θεοῦ
807 2493 856 2547 V,
900 2493 1008 2548 post
1038 2490 1341 2547 προειπόντος
1371 2491 1416 2534 L
1536 2494 1560 2533 9
1594 2487 1847 2542 διεξιόντος

164 2561 188 2592 e
229 2546 486 2600 διεξιόντας
523 2563 624 2592 corr
658 2550 720 2594 02
903 2555 957 2594 10
996 2548 1234 2607 κιγκλίδας
1266 2563 1405 2606 supra
1436 2547 1656 2599 κυκλίδας
1687 2548 1755 2593 Β2

164 2611 216 2650 11
260 2607 572 2658 ἐκπιπτούσας
610 2608 714 2652 coni
745 2609 812 2652 Re
848 2609 853 2667 Ι
896 2626 943 2654 τε
982 2609 1155 2653 inserui
1278 2613 1331 2652 13
1364 2606 1672 2664 ἐφεστηκότας
1703 2620 1845 2663 supra

163 2663 479 2721 ἀφεστηκότας
498 2667 562 2708 V¹r
620 2681 733 2710 num
763 2666 1129 2724 παρεστηκότας,
1167 2669 1221 2711 ut
1251 2671 1321 2721 85,
1354 2673 1411 2710 4?
1526 2671 1579 2709 17
1613 2667 1755 2710 αὑτὸν
1787 2679 1844 2710 ex

162 2724 306 2768 αὐτὸν
339 2738 440 2768 corr
471 2725 534 2767 Vr
594 2726 737 2770 αὐτὸν
769 2727 860 2770 AL
981 2731 1036 2770 18
1070 2724 1093 2770 ὃ
1125 2728 1168 2770 L
1239 2725 1284 2770 οἱ
1314 2723 1601 2783 χαρίσασθαι
1631 2725 1681 2768 in
1710 2723 1843 2782 χαρί-

162 2786 338 2827 σασθαι
370 2782 414 2827 οἱ
446 2797 547 2827 corr
574 2783 632 2828 Of
779 2789 832 2828 19
874 2783 1094 2841 ἐφίεσθαί
1128 2784 1284 2828 Gasda
1318 2785 1323 2842 Ι
1362 2801 1440 2841 μοι
1471 2798 1611 2840 supra
1643 2800 1695 2840 με
1721 2785 1783 2828 Vr

161 2858 214 2898 με
246 2843 337 2886 BL
370 2844 416 2885 et
447 2842 496 2884 in
527 2856 602 2885 ras
626 2843 691 2887 P⁵
784 2844 831 2887 ἐν
864 2843 1002 2888 ἄλλως
1036 2861 1113 2901 μοι
1137 2843 1201 2888 P²
1233 2844 1281 2887 in
1312 2857 1445 2900 marg
1477 2843 1533 2887 cf.
1558 2843 1580 2886 I
1603 2847 1701 2897 384,
1731 2842 1844 2886 18R

163 2902 210 2944 ef,
239 2916 283 2956 p.
313 2906 410 2958 142,
438 2905 492 2944 16
520 2904 526 2957 Ι
552 2905 833 2957 προσθεῖναι
870 2903 914 2946 L
