2026 3168
663 160 888 204 LIBANII
919 160 1258 206 ORATION'ES
1728 162 1799 215 49

126 293 218 350 οὖν
264 296 501 359 ὄδυσσεὺς
546 298 637 364 τὴν
682 299 868 364 πολλὴν
917 297 1110 364 ἐκείνην
1159 299 1299 367 ἔφερε
1349 301 1669 364 desinensque
1722 300 1804 350 καὶ

125 373 217 438 τὴν
254 371 411 439 ἀρχὴν
450 372 766 438 ἕπιμήκιστον
806 377 856 422 et
892 374 1076 423 πίνακα
1114 377 1354 437 quattuor
1392 376 1525 425 foliis
1571 392 1670 424 non
1715 393 1804 424 nu-

124 450 330 496 meraffis
369 448 772 510 comprehensum
810 449 930 496 haec
968 448 1167 496 Libanii
1206 465 1376 511 opera:

234 522 318 570 fol.
355 524 385 569 2
427 519 612 585 μελέται
652 510 898 587 λιβανῖουε

236 595 486 662 φθονερὸς
516 602 603 644 τοῦ
633 596 848 661 γείτονος
871 594 1023 644 αὐτοῦ
1054 595 1418 660 πλουτήσαντος
1448 594 1623 645 ἑαυτὸν
1654 610 1805 664 προσ-

124 667 338 734 αγγέλλει
487 666 533 717 α’

234 743 430 791 Folium
463 745 492 791 3
535 744 845 792 chartaceum
883 760 1036 792 manu
1074 745 1259 792 saeculi
1296 744 1388 793 XV
1427 746 1684 793 exaratum
1715 748 1802 793 est.

275 819 304 864 7
346 817 574 883 πρεσβεία
614 816 848 880 μενελάου
887 815 1009 884 ὑπὲρ
1049 815 1217 882 ἕλένης
1253 815 1376 885 πρὸς
1413 824 1570 884 τρῶας

238 892 305 940 10
343 898 429 939 τοῦ
476 889 649 939 αὐτοῦτ
704 890 940 951 δύσκολος
985 891 1132 941 λάλον
1177 891 1336 958 γήμας
1376 895 1588 958 γυναῖκα
1626 891 1801 941 ἑαυτὸν

123 962 465 1030 προσαγγέλλει

239 1040 304 1086 16
346 1038 578 1098 πλούσιος
616 1036 899 1105 ἀριστεύσας
937 1034 1116 1107 ᾔτησεν
1153 1043 1250 1088 κτλ.
1289 1039 1361 1087 IV
1395 1040 1499 1089 540
1531 1041 1588 1088 R.

238 1115 307 1161 20
347 1110 493 1179 ἑτέρα.
556 1112 861 1179 φιλαργύρου
900 1117 1015 1171 παῖς
1053 1111 1336 1179 ἀριστεύσας
1374 1109 1551 1183 ᾔτησεν
1589 1117 1685 1162 κτλ.
1733 1114 1806 1162 IV

238 1261 305 1308 25
347 1259 586 1319 δικάζεται
623 1260 866 1309 ποσειδῶν
904 1258 1009 1326 ἅρει
1046 1258 1168 1327 ὑπὲρ
1208 1258 1524 1327 ἁλλιρροθίου

237 1335 304 1381 27
347 1332 400 1383 ἐκ
437 1340 524 1382 τοῦ
563 1331 787 1383 ἐναντίου
827 1331 949 1399 ἅρης

237 1409 306 1456 30
345 1406 574 1471 ἐξήτησεν
614 1404 639 1455 ὅ
680 1407 916 1470 φίλιππος
954 1406 1040 1457 τὸν
1079 1406 1399 1472 δημοσθένην

236 1482 302 1529 35
344 1480 466 1546 ἔχων
503 1499 575 1540 τις
612 1485 822 1547 γυναῖκα
859 1480 941 1530 καὶ
980 1479 1050 1531 ὢν
1079 1480 1177 1531 ὑπὸ
1209 1480 1354 1548 πατρὶ
1384 1509 1457 1516 -
1487 1480 1672 1548 ἐγένετο
1705 1481 1803 1532 ὑπὸ

120 1557 319 1619 λησταῖς

234 1630 301 1677 38
342 1628 606 1695 παράσιτος
644 1627 722 1678 ἐπὶ
760 1629 961 1678 δεῖπνον
999 1628 1202 1694 κληθεὶς
1243 1628 1325 1679 καὶ
1370 1628 1628 1695 ἀποτυχὼν
1676 1628 1810 1690 ἀξιοῖ

120 1699 404 1751 ἀποθανεῖν

234 1778 304 1825 40
358 1775 504 1826 ἔσωσέ
551 1795 624 1836 τις
669 1775 956 1844 ἐμπρησμοῦ
1002 1776 1087 1826 τὸν
1133 1776 1308 1827 ἑαυτοῦ
1354 1776 1535 1844 πατέρα
1583 1782 1680 1827 κτλ.
1730 1779 1803 1826 IV

232 1926 302 1972 47
359 1923 501 1988 φήμη
549 1916 613 1987 ἦν
659 1928 878 1974 συνεῖναι
927 1923 1012 1974 τὸν
1061 1925 1298 1974 πλούσιον
1348 1932 1405 1990 τῆ
1455 1932 1542 1974 τοῦ
1592 1923 1802 1990 πένητος

121 1994 320 2062 γυναικὶ
357 2001 454 2046 κτλ.
493 1998 566 2045 IV
599 2001 702 2047 552
736 1999 792 2046 R.

236 2072 331 2119 51v
374 2073 467 2120 inc.
501 2070 526 2120 ὸ
559 2069 647 2135 μὲν
678 2065 716 2120 ὦ
747 2072 939 2121 πολίται
975 2074 1008 2121 i.
1042 2090 1080 2121 e.
1121 2071 1367 2139 ἐγράψατό
1406 2091 1478 2132 τις
1507 2071 1592 2122 τὸν
1624 2071 1801 2123 ἑαυτοῦ

122 2144 276 2193 παῖδα
315 2144 616 2209 βουλεύσεως
654 2149 750 2194 κτλ.
789 2147 861 2194 IV
895 2147 997 2194 841
1032 2147 1088 2195 R.

238 2219 332 2267 56V
380 2219 531 2283 νόμος
569 2218 654 2268 τὸν
693 2217 771 2268 ἐπὶ
809 2227 895 2284 τῆς
934 2218 1187 2284 ἐκκλησίας
1226 2217 1449 2283 ὀφθέντα
1494 2219 1635 2280 ξένον
1679 2219 1804 2272 ἀπο-

122 2291 365 2356 θνήσκειν
402 2291 500 2342 ὑπὸ
539 2299 628 2342 τοῦ
666 2300 938 2359 στρατηγοῦ
976 2297 1072 2342 κτλ.
1111 2294 1184 2342 IV
1215 2296 1320 2343 478
1355 2295 1411 2342 R.

236 2367 331 2415 63V
382 2367 474 2415 inc.
522 2365 580 2415 τὰ
625 2364 713 2430 μὲν
760 2365 856 2416 ἀπὸ
902 2374 988 2432 τῆς
1033 2367 1324 2432 τυραννίδος
1361 2371 1393 2416 i.
1427 2385 1465 2417 e.
1506 2368 1678 2433 Νόμος
1715 2368 1802 2418 τὸν

122 2439 351 2505 θορύβου
390 2438 471 2488 καὶ
511 2440 719 2499 στάσεως
758 2441 914 2490 αἴτιον
951 2445 1047 2490 κτλ.
1101 2442 1173 2489 IV
1207 2445 1309 2491 707
1342 2443 1399 2490 R.

235 2515 330 2561 68v
381 2521 468 2563 τοῦ
517 2513 669 2563 αὐτοῦ
719 2514 841 2581 πρὸς
885 2514 971 2564 τὸν
1021 2512 1230 2565 ὀδυσσέα
1282 2514 1334 2564 ἐν
1384 2519 1537 2576 λιταῖς
1586 2514 1802 2583 πρέσβυν

122 2584 372 2653 ἀντιλογία
410 2586 636 2653 ἀχιλλέως

237 2663 332 2710 80V
369 2660 710 2727 πρεσβευτικὸς
741 2661 863 2728 πρὸς
893 2669 1048 2728 τρῶας
1078 2660 1200 2730 ὑπὲρ
1231 2670 1318 2728 τῆς
1345 2661 1531 2727 ἓλένης·
1565 2661 1802 2723 ὀδυσσεύς

238 2736 332 2782 92Ῡ
370 2734 669 2802 φιλάργυρος
707 2734 931 2801 ἐρασθεὶς
977 2734 1166 2802 ἑταίρας
1211 2735 1292 2786 καὶ
1339 2735 1522 2800 μισθὸν
1567 2735 1801 2786 ἀπαιτού-

126 2824 269 2868 μενος
308 2806 481 2857 ἑαυτὸν
519 2807 860 2875 προσαγγέλλει
912 2811 984 2858 IV
1017 2811 1120 2858 827
1155 2811 1210 2858 R.

238 2882 340 2930 101
381 2882 532 2946 νόμος
562 2881 646 2931 τὸν
675 2882 881 2949 εὑρόντα
911 2882 1169 2949 θησαυρὸν
1199 2884 1352 2949 χιλίας
1382 2887 1478 2933 κτλ.
1513 2885 1586 2933 IV
1614 2886 1716 2933 198
1742 2885 1798 2933 R.

241 2956 343 3003 109
407 2955 558 3019 νόμος
612 2950 688 3023 (in
732 2973 888 3021 marg.
935 2951 1008 3004 m2
1060 2951 1193 3023 add.)
1261 2957 1358 3008 Τὸν
1412 2958 1570 3017 ξενίας
1623 2955 1807 3007 ἁλόντα

212 3044 409 3076 mems
432 3045 488 3077 ed.
513 3045 753 3079 Foerster.
1510 3045 1537 3081 4
