2026 3168
248 148 353 200 174
786 147 1013 192 LIBANII
1043 147 1384 192 ORATIONES

243 285 308 336 τὰ
356 283 658 352 ἀγάλματα,
704 292 818 346 τοῖς
865 285 1057 351 γόνασι
1103 284 1164 336 δὲ
1213 285 1287 336 τὼ
1338 293 1482 354 χεῖρε
1532 283 1781 354 περιθεὶς
1829 286 1919 339 καὶ
1999 270 2001 272 ¹

245 371 325 424 ἐπ’
373 373 565 425 αὐτοῖν
602 373 702 441 τὴν
740 373 986 441 κεφαλὴν
1018 371 1210 441 βρέξας
1241 373 1534 439 θοιμάτιον
1566 383 1679 436 τοῖς
1719 374 1919 444 δάκρυ-

154 471 196 515 R
218 477 301 516 128
327 475 419 513 σιν
446 459 451 530 l
481 458 689 530 ἀπῄειν.
731 462 831 514 τὸν
855 462 917 514 δὲ
941 462 1068 514 οὔτε
1091 460 1228 530 ὁρᾶν
1253 462 1377 514 οὔτε
1401 463 1473 530 μὴ
1505 461 1641 531 ὁρᾶν
1673 463 1922 532 φορητὸν

245 539 488 616 ἐγίγνετο
527 556 636 602 νῦν
673 546 773 615 μὲν
811 558 911 602 τοῦ
947 552 1150 617 πόθου,
1189 557 1297 604 νῦν
1335 547 1396 602 δὲ
1425 558 1520 619 τῆς
1550 553 1726 614 ὄψεως
1756 559 1918 604 τοῦτο
2000 543 2002 549 ’

199 658 218 690 5
243 639 519 706 ποιούσης.
614 638 736 690 202.
792 641 887 690 καί
930 656 1061 691 ποτε
1112 639 1294 707 δείλης
1339 641 1571 706 βιβλίων
1617 638 1780 708 ε’γγύς
1826 659 1919 708 μοι

242 726 505 793 κειμένων
535 725 626 779 καὶ
653 727 843 797 ἰατροῦ
876 726 1136 796 γέροντος
1166 727 1630 796 παρακαθημένου
1663 727 1919 797 ἐρόμενος

243 815 271 868 ὃ
325 815 651 884 ἠπιστάμην,
708 816 755 868 εἰ
806 818 1016 884 τυφλός
1069 836 1163 883 μοι
1219 815 1448 885 γέγονεν
1501 815 1755 886 ἀδελφός,
1807 825 1919 869 τῶν

242 913 463 973 φρενῶν
507 923 566 956 τε
614 903 865 972 ἐξώσθην
911 903 1002 957 καὶ
1050 903 1226 957 οὐκέτ’
1273 899 1422 973 εἶχον
1465 905 1631 958 οὐδὲν
1671 901 1748 958 ὧν
1785 905 1919 968 τέως

241 991 398 1063 ᾔδειν
437 991 643 1045 εἰδέναι
690 994 815 1046 οὔτε
862 990 928 1046 οὗ
974 995 1295 1062 κατεκείμην
1342 991 1470 1046 οὔθ’
1517 994 1545 1045 5
1583 1013 1636 1046 τι
1682 994 1920 1062 εἰρήκειν

175 1101 217 1133 10
242 1080 370 1134 οὔθ’
417 1082 445 1134 5
484 1101 536 1134 τι
575 1083 676 1151 χρὴ
714 1091 896 1135 ποιεῖν
935 1081 1061 1135 οὔθ’
1108 1082 1137 1134 5
1175 1102 1226 1134 τι
1266 1084 1353 1151 μή.
1415 1082 1538 1134 203.
1577 1081 1921 1152 πειρωμένου

242 1169 307 1222 δέ
339 1190 405 1237 με
445 1169 739 1238 ἐπανάγειν
785 1178 884 1224 τοῦ
929 1170 1186 1241 γέροντος
1231 1171 1319 1223 καὶ
1369 1167 1535 1233 αὖθις
1581 1179 1761 1224 ποιεῖν
1798 1171 1918 1238 ὑγι-

241 1260 434 1326 αίνειν,
474 1261 619 1331 λόγῳ
660 1280 721 1327 γε
769 1258 835 1312 ὃν
877 1259 1179 1329 ἐτύγχανον
1218 1263 1516 1328 συντιθείς,
1562 1261 1921 1322 κελεύσαντος

239 1350 573 1416 προσθεῖναί
606 1368 676 1416 τι,
714 1349 774 1401 τὸ
815 1349 1155 1418 γραμμάτιον
1193 1349 1523 1417 ἀναιροῦμαι
1554 1345 1656 1416 μὲν
1686 1349 1773 1401 καὶ
1806 1346 1920 1401 ἑνε-

239 1437 479 1505 χείρουν,
519 1437 597 1499 εἰς
636 1438 868 1504 ἄγνοιαν
915 1434 976 1489 δὲ
1021 1445 1117 1505 τῆς
1161 1436 1480 1498 ὑποθέσεως
1517 1438 1783 1499 καταστὰς
1822 1435 1911 1489 ἀπ’

174 1545 216 1577 15
241 1524 470 1587 οὐδενός
515 1544 572 1577 τε
618 1535 728 1578 τῶν
775 1525 1164 1596 γεγραμμένων
1210 1525 1445 1594 ἐμαυτὸν
1491 1523 1631 1594 ἔχων
1685 1523 1918 1594 διδάξαι,

239 1614 296 1665 τί
337 1631 467 1666 ποτε
513 1609 582 1681 ἧν
627 1634 719 1683 μοι
765 1617 1102 1681 βουλόμενος
1148 1613 1176 1667 ὁ
1224 1616 1410 1682 λόγος,
1458 1614 1518 1667 τὸ
1565 1614 1666 1683 μὲν
1705 1616 1918 1684 ἔρριψα,

240 1703 374 1770 πρὸς
414 1698 475 1754 δὲ
513 1703 612 1755 τὸν
653 1703 839 1770 ἰατρὸν
878 1705 1064 1771 εἰπών,
1097 1704 1168 1766 ὡς
1208 1700 1374 1756 οὐδὲν
1412 1700 1484 1755 ἔτ’
1525 1708 1660 1771 εἵην,
1700 1701 1919 1771 ἐκείμην

241 1788 391 1860 ῥᾴων
435 1790 527 1843 καὶ
578 1791 680 1844 οὐκ
728 1790 1047 1861 ᾐσχυνόμην
1097 1792 1185 1844 ἐπὶ
1234 1801 1351 1854 τοῖς
1394 1792 1668 1854 τοιούτοις
1713 1794 1918 1859 μανείς.

241 1879 361 1931 204.
411 1879 476 1932 οὐ
524 1881 627 1948 γὰρ
668 1875 796 1949 οἷδ’,
845 1881 874 1933 5
911 1900 964 1933 τι
1004 1880 1074 1934 ἂν
1111 1881 1287 1952 τούτῳ
1328 1879 1689 1949 παρεξετάσας
1726 1882 1916 1945 κακόν,

173 1989 216 2021 20
240 1969 419 2020 καίτοι
457 1970 676 2038 μυρίοις
714 1969 1065 2038 βεβλημένος,
1104 1968 1136 2037 ἢ
1177 1972 1359 2035 μεῖζον
1397 1968 1430 2036 ἢ
1470 1974 1591 2021 ἴσον
1630 1963 1795 2038 εὗρον
1835 1969 1916 2021 ἄν.

241 2056 377 2109 ὥστε
415 2055 505 2109 καὶ
543 2056 787 2127 ᾐτιώμην
824 2060 954 2120 τοὺς
985 2059 1266 2125 δαίμονας,
1303 2057 1386 2110 ὅτι
1417 2058 1489 2125 μὴ
1522 2058 1763 2119 θάνατος
1794 2055 1914 2109 ἀντὶ

238 2152 338 2198 τοῦ
377 2147 649 2214 παρόντος
688 2146 942 2215 ἐπῆλθεν.
1012 2143 1142 2199 οὐδὲ
1183 2147 1285 2215 γὰρ
1325 2155 1436 2198 τῶν
1473 2166 1566 2212 μοι
1605 2144 1917 2213 γενομένων

240 2233 469 2301 ἀγαθῶν
507 2231 626 2287 ἔσθ’
675 2234 703 2286 5
742 2254 795 2287 τι
834 2233 904 2287 ἂν
943 2234 1278 2304 ἀντίρροπον
1318 2234 1487 2286 αὐτοῦ
1528 2233 1713 2296 δόξειε.
1786 2234 1916 2285 ποία

239 2323 343 2391 γὰρ
399 2322 676 2387 ἐπίδειξις;
731 2324 877 2385 τίνες
930 2323 1215 2391 εὐφημίαι,
1268 2325 1350 2384 τίς
1394 2324 1610 2391 κρότος,
1662 2323 1806 2383 τίνες
1856 2319 1914 2373 ἐκ

358 2545 380 2583 1
415 2541 494 2584 καὶ
525 2555 601 2584 0111
633 2543 676 2585 L
819 2546 844 2583 2
877 2558 951 2586 οιν
981 2542 1031 2584 111
1063 2542 1224 2584 αὐτοῖν
1255 2540 1304 2583 111
1334 2552 1409 2582 ras
1441 2539 1512 2583 P8
1539 2540 1544 2597 Ι
1573 2538 1736 2597 βρέξας
1765 2539 1833 2582 Re

239 2597 466 2656 βρέξασαν
497 2599 606 2643 libri
636 2601 747 2644 Ferr
776 2600 877 2644 Mor
990 2605 1015 2643 5
1048 2616 1135 2655 μου
1171 2600 1255 2644 GL
1286 2601 1335 2642 ct
1364 2612 1547 2657 suprQ
1535 2614 1612 2653 μοι
1643 2598 1715 2641 P3
1746 2599 1793 2641 et
1823 2598 1915 2640 edd

300 2662 353 2701 12
385 2674 435 2714 γε
460 2659 623 2714 scripsi
656 2673 710 2701 ex
743 2660 971 2703 ACPBV
995 2676 1048 2716 γρ
1081 2658 1182 2701 Mor
1208 2658 1257 2700 in
1281 2671 1413 2713 marg
1472 2672 1520 2700 τε
1544 2658 1587 2700 L
1612 2657 1702 2700 edd
1729 2657 1735 2713 Ι
1762 2657 1914 2700 κελεύ-

239 2730 405 2767 σαντος
435 2717 599 2773 scripsi
630 2731 654 2760 e
679 2719 724 2761 P
752 2719 849 2774 (sed
882 2736 908 2761 ν
939 2720 1009 2761 m²
1034 2718 1082 2760 in
1105 2719 1196 2772 ras)
1223 2719 1269 2760 et
1293 2718 1338 2760 B
1363 2717 1548 2758 auctore
1573 2716 1640 2758 Re
1702 2716 1915 2765 κελεύσας

237 2775 407 2830 reliqui
445 2775 553 2818 libri
705 2781 758 2819 15
797 2793 844 2820 τε
877 2777 1039 2833 scripsi
1071 2789 1095 2819 e
1122 2777 1164 2819 V
1190 2777 1236 2818 et
1267 2793 1319 2832 γρ
1352 2774 1453 2818 Μο1·
1483 2775 1532 2817 111
1563 2788 1696 2831 marg
1727 2776 1914 2818 auctore

238 2834 306 2878 Re
381 2850 430 2891 γε
461 2834 631 2890 reliqui
661 2834 770 2878 libri
802 2836 891 2878 edd
1043 2839 1095 2878 18
1129 2851 1182 2890 γρ
1216 2834 1291 2877 ἐπὶ
1323 2847 1462 2889 supra,
1494 2834 1542 2877 ἐν
1575 2834 1640 2877 P³
1722 2834 1771 2877 ἐν
1803 2834 1848 2877 Α

239 2897 295 2936 20
328 2888 429 2937 ἴσον
460 2893 685 2938 ACPVL
717 2894 807 2937 edd
842 2897 847 2951 1
887 2891 1019 2950 εὗρεν
1044 2895 1089 2938 Β
1210 2898 1264 2935 22
1298 2893 1498 2947 ἐπῆλθεν
1531 2892 1695 2948 scripsi
1725 2906 1750 2936 e
1781 2891 1913 2935 libris

240 2954 287 2995 et
316 2970 370 3009 γρ
403 2952 504 2995 Μο1·
535 2953 584 2995 111
614 2966 747 3010 marg
823 2953 1101 3008 ἐπελήλυθεν
1134 2952 1223 2995 edd
1258 2952 1263 3009 Ι
1303 2951 1440 2995 οὐδὲν
1474 2952 1518 2994 Β
