2026 3168
184 689 206 721 5

164 1134 206 1164 10

165 1576 204 1608 15

229 176 337 228 320
767 175 994 219 LIBANII
1026 173 1367 220 ORATIONES

227 313 333 381 πρὸ
373 318 472 364 τοῦ
512 311 758 383 πάθους,
799 307 966 378 οἶμαι,
1005 311 1300 379 τοσούτων,
1340 314 1395 364 οἳ
1430 313 1502 380 μὴ
1543 313 1626 366 ὅτι
1657 311 1820 376 νέους
1851 313 1914 368 ἐν

229 401 465 463 εἰσόδοις
517 419 575 452 τε
629 398 719 452 καὶ
775 398 983 462 ἐξόδοις
1036 398 1369 469 διέφθειραν
1422 399 1491 453 ἂν
1546 399 1914 471 ἐπιπεσόντες,

229 487 346 541 ἀλλ’
393 489 525 542 οὐδὲ
563 491 821 557 καμήλων
859 507 917 540 τε
955 488 1045 540 καὶ
1093 487 1408 557 ἐλεφάντων
1445 491 1678 557 κεφαλαὶ
1718 490 1912 559 διέφυ-

229 597 331 644 γον
385 576 454 629 ἂν
507 578 567 629 τὸ
623 578 694 645 μὴ
750 577 851 630 οὐκ
907 577 1101 629 αὐτίκα
1154 583 1389 629 κεῖσθαι.
1467 576 1553 630 52.
1607 577 1724 631 ἀλλ’
1778 579 1913 649 αὐτὴ

231 664 532 734 ἐσάωσεν,
585 660 736 718 εἶπεν
775 664 844 717 ἂν
871 663 1128 733 Ὅμηρος,
1179 665 1268 718 καὶ
1315 666 1512 728 παῖδάς
1558 686 1615 719 τε
1654 676 1914 734 γονεῦσιν
1998 722 2000 725 ,

230 753 509 806 ἀπέδωκεν
563 753 659 823 ἐμέ
708 774 767 807 τε
828 752 1103 817 ἐξείλκυσε
1158 763 1348 822 σαφῶς
1400 762 1495 823 τῆς
1552 754 1716 823 ἐγγὺς
1769 757 1912 810 οὕτω

227 847 436 912 πληγῆς
473 851 537 913 τῇ
577 844 703 912 περὶ
741 851 863 895 τοῖν
902 844 1100 896 ποδοῖν
1140 844 1399 913 φροντίδι
1437 850 1513 916 τῷ
1547 863 1604 896 τε
1643 842 1807 913 πατρὶ
1844 851 1921 918 τῷ

228 933 326 985 Διὶ
365 932 617 1002 καθαρὸν
655 931 918 984 θανάτων
958 932 1242 1001 διετήρησε
1281 932 1379 984 τὸν
1417 933 1574 985 νεών.
1638 934 1686 985 εἰ
1726 931 1776 985 δ’
1812 933 1916 986 οὐκ

230 1020 528 1090 ἐπεκούρει,
567 1022 739 1083 πόσας
772 1018 842 1072 ἂν
873 1022 1109 1087 οἰόμεθα
1141 1018 1288 1091 δεῦρ’
1322 1020 1511 1074 ἐλθεῖν
1541 1024 1730 1084 κλίνας
1762 1021 1915 1075 ἀναι-

231 1108 535 1180 ρησομένας
584 1108 752 1177 [τότε]
799 1109 860 1161 τὸ
906 1116 1002 1176 τῆς
1047 1111 1255 1171 πόλεως
1302 1110 1489 1172 ἄνθος.
1566 1109 1653 1162 53.
1707 1109 1916 1174 ἔξεστιν

229 1193 333 1250 οὖν
371 1217 463 1266 μοι
505 1201 919 1266 φιλοτιμεῖσθαι
958 1198 1095 1250 κατὰ
1132 1198 1230 1250 τὸν
1269 1199 1604 1267 Σιμωνίδην.
1682 1199 1916 1270 ἀδελφοὶ

230 1283 290 1339 δὲ
328 1285 586 1339 κάκεῖνον
625 1289 826 1350 ἔσωζον
858 1285 1173 1356 Ἀρτέμιδος
1209 1285 1549 1357 ὁμοπάτριοι.
1627 1289 1914 1359 Σιμωνίδῃ

227 1372 329 1441 μὲν
369 1371 472 1427 οὖν
503 1373 618 1428 ἀντ’
658 1374 799 1448 ᾠδῆς
831 1375 1013 1428 ἐκεῖνα
1043 1376 1190 1445 παρὰ
1219 1384 1342 1429 τοῖν
1364 1378 1756 1446 Διοσκούροιν,
1796 1376 1916 1445 ἐμοὶ

230 1464 292 1516 δὲ
329 1471 499 1516 ταῦτα
535 1464 625 1516 καὶ
664 1465 769 1533 πρὸ
811 1463 964 1536 ᾠδῆς.

333 1551 475 1606 Ἀλλ’
524 1554 647 1606 ἰδοὺ
687 1560 795 1606 νῦν
833 1573 895 1621 γε
935 1553 1374 1622 ἀποδεδώκαμεν,
1414 1562 1514 1606 τοῦ
1555 1555 1616 1607 δὲ
1653 1555 1725 1623 μὴ
1766 1552 1914 1617 λέξαι

229 1650 406 1703 κακῶς
454 1641 589 1712 αὐτῇ
637 1661 694 1694 τε
740 1640 830 1694 καὶ
863 1640 1168 1694 Ἀπόλλωνι
1215 1649 1288 1714 τῷ
1321 1641 1632 1712 μουσηγέτῃ
1678 1644 1914 1711 μελήσει.

348 1806 373 1845 5
406 1802 456 1845 Π.
491 1805 514 1845 2
547 1806 630 1845 752
695 1801 778 1845 Od.
813 1777 950 1845 8513
1079 1807 1130 1846 11
1165 1801 1255 1846 Cic.
1290 1802 1347 1846 de
1378 1817 1443 1846 or.
1476 1803 1598 1846 1186
1632 1807 1657 1856 ς
1683 1806 1767 1846 352
1786 1817 1853 1858 sq.

349 1953 374 1991 8
415 1947 664 2005 σημείωσαι
703 1949 782 1992 καὶ
819 1956 965 1993 ταῦτα
1003 1949 1084 1992 καὶ
1123 1948 1203 1993 διὰ
1241 1950 1325 2007 τὴν
1365 1952 1569 2007 γλῶτταν
1609 1950 1688 1993 καὶ
1735 1949 1815 1995 διὰ
1862 1950 1913 1994 τὸ

230 2005 520 2065 δεισίδαιμον
551 2016 632 2052 τοῦ
665 2007 878 2066 λέγοντος
911 2009 954 2052 V

352 2162 373 2199 1
399 2156 507 2207 τοὺς
531 2155 665 2206 νέους
685 2157 722 2200 Ο
808 2162 833 2199 5
849 2153 1048 2212 Όμηρος
1073 2153 1131 2198 ἂν
1157 2152 1285 2200 εἶπεν
1309 2152 1425 2212 (εἶπε
1445 2158 1524 2213 M)
1543 2157 1654 2200 ΒΜ
1742 2161 1766 2199 6
1792 2153 1834 2199 τ’
1859 2158 1920 2200 Μ

293 2219 315 2257 7
348 2215 467 2272 τοῖν]
508 2214 593 2271 τὴν
627 2217 688 2259 Μ
844 2219 867 2258 7
909 2216 957 2258 et
995 2219 1020 2257 8
1060 2215 1183 2257 inter
1219 2218 1281 2275 τῷ
1315 2217 1362 2259 et
1400 2215 1481 2259 Διὶ
1518 2229 1680 2259 rasura
1720 2215 1916 2258 duarum

229 2274 492 2317 litterarum
524 2274 573 2316 in
608 2275 645 2318 0
785 2279 808 2317 7
841 2277 904 2333 τῷ
929 2274 1129 2318 alterum
1160 2288 1235 2317 om
1254 2261 1301 2317 Ι
1437 2279 1462 2318 8
1493 2274 1719 2319 θανάτων
1751 2273 1916 2330 scripsi

231 2332 424 2376 θανάτω
467 2333 781 2377 CAPUIBM
807 2320 919 2376 Fen·
948 2333 1050 2376 Mor
1131 2331 1347 2377 θανάτου
1389 2334 1432 2376 V
1455 2334 1523 2377 Re
1574 2335 1579 2388 Ι
1630 2333 1680 2376 δὲ
1720 2335 1861 2377 ΙΒΜ

233 2396 257 2434 9
284 2391 493 2448 οἰώμεθα
517 2393 592 2436 ΙΒ
715 2397 769 2436 10
793 2391 895 2436 τότε
920 2391 1174 2435 cancellavi
1200 2393 1466 2435 auctoribus
1491 2391 1648 2435 Gasda
1672 2393 1719 2435 et
1743 2391 1914 2436 Cobeto

233 2450 400 2494 Mnem.
411 2451 453 2493 V
472 2455 554 2494 105
580 2450 710 2507 (Coll.
733 2453 833 2506 101)
859 2453 906 2494 eb
930 2451 1110 2494 Sinteni
1169 2449 1297 2508 τόγε
1314 2451 1391 2518 Vl
1419 2451 1470 2495 τὸ
1495 2465 1571 2495 om
1597 2452 1641 2495 V
1734 2455 1786 2493 11
1813 2450 1915 2506 ἐμοὶ

232 2510 301 2553 Re
416 2515 469 2552 12
503 2510 686 2562 ἔσωιζον
714 2511 794 2554 CA
822 2513 827 2566 Ι
855 2513 929 2553 Συ
920 2507 1097 2568 ιωνίὸῃ
1125 2509 1280 2553 Gasda
1310 2509 1358 2552 in
1392 2510 1644 2583 exemplari
1675 2522 1914 2566 program-

233 2569 371 2611 matis
396 2568 417 2611 I
432 2583 475 2624 p
492 2573 543 2611 15
561 2582 701 2611 manu
726 2569 872 2637 ipsiu—s
899 2558 1102 2612 ‹ion-ecto
1128 2582 1183 2612 ex
1204 2569 1430 2641 impresso
1447 2566 1715 2625 Σιμωνίδης
1775 2581 1913 2642 σιμω-

233 2625 339 2683 νίδη
365 2627 473 2670 libri
499 2629 690 2683 excepto
718 2629 760 2671 V
779 2628 859 2683 qui
882 2628 1028 2671 habet
1052 2625 1313 2683 σιμωνίδης,
1338 2630 1384 2671 et
1409 2628 1593 2671 ed.de
1618 2626 1667 2669 in
1692 2624 1913 2682 σιμωνίδη

233 2687 282 2728 in
313 2699 388 2729 ras
413 2686 484 2730 P²
604 2691 657 2730 13
691 2685 792 2730 ἀντ’
832 2685 953 2747 ᾠδῆς
984 2686 1140 2730 Gasda
1171 2687 1262 2729 1.1.
1298 2701 1398 2730 corr
1428 2699 1483 2729 ex
1514 2686 1735 2741 impresso
1768 2685 1914 2728 ἀντω-

236 2788 361 2845 νήθη
439 2761 715 2844 ἀνθώνησεν
752 2790 832 2833 CA
916 2790 1181 2846 ἀντώνησεν
1222 2790 1452 2833 PUIBM
1530 2787 1794 2844 ἀντώδησεν
1836 2787 1911 2845 Vl

234 2855 338 2891 ταῖν
371 2848 482 2892 ΒΜ
629 2853 683 2890 16
716 2848 894 2904 μελήσει
925 2852 988 2908 τῷ
1013 2847 1265 2905 μουσηγέτη
1298 2849 1408 2892 ΒΜ
