2026 3168
693 127 921 172 LlBANH
953 127 1295 172 ORATIONES
1766 128 1835 180 89

147 265 416 332 μνησθείς
476 281 534 316 τε
592 265 823 333 χρυσίου
882 264 1059 316 πείθω
1120 263 1325 333 ῥᾳδίως
1380 261 1472 316 καὶ
1528 262 1692 332 ἐμβὰς
1746 283 1836 316 τυ-

147 352 262 420 χὼν
306 358 406 404 τοῦ
452 352 807 415 Ποσειδῶνος
855 350 1179 420 ἐκομιζόμην
1230 354 1585 422 τερπόμενος,
1634 350 1836 421 Πέριν-

147 442 260 493 θόν
297 459 355 492 τε
392 439 724 509 παραπλέων
748 438 1004 494 Ῥοίτειόν
1040 459 1099 492 τε
1133 440 1223 493 καὶ
1256 442 1488 508 Σίγειον
1518 439 1609 493 καὶ
1640 441 1741 509 τὴν
1771 442 1837 493 τὰ

147 530 434 582 δεινότατα
457 534 772 597 παθοῦσαν,
803 530 905 597 τὴν
930 529 1192 599 Πριάμου
1222 530 1386 581 πόλιν
1410 527 1515 581 ἀπὸ
1541 538 1652 581 τῶν
1674 548 1837 582 κατα-

149 618 480 686 στρωμάτων
511 617 659 688 ὁρῶν
688 621 788 671 τόν
817 637 875 671 τε
907 618 1145 686 Αἰγαῖον
1180 616 1481 687 διέδραμον
1521 618 1586 670 οὐ
1626 620 1835 686 χείρονι
1881 637 1902 670 5

144 706 414 773 πνεύματι
453 706 792 776 χρησάμενος
822 705 1120 777 Νέστορος,
1160 707 1298 759 ὥστε
1336 726 1430 775 μοι
1460 705 1656 774 κέρδος
1685 706 1835 774 γενέ-

149 799 284 847 σθαι
323 795 425 863 τὴν
464 794 776 864 ἀδυναμίαν
813 802 914 848 τοῦ
954 794 1127 859 ξένου.
1197 794 1278 846 16.
1318 795 1693 857 καταπλεύσας
1732 790 1836 847 οὖν

147 884 225 945 εἰς
265 885 585 949 Γεραιστόν,
631 880 817 936 ἔπειτα
864 884 942 947 εἰς
987 882 1180 952 λιμένα
1226 884 1350 936 τινὰ
1396 881 1720 951 Ἀθηναίων,
1768 879 1835 936 οὗ

148 971 215 1039 δὴ
256 970 347 1024 καὶ
387 970 709 1040 ἐκοιμήθην,
747 979 842 1039 τῆς
881 970 1142 1040 ἐπιούσης
1181 970 1241 1024 έν
1280 972 1432 1024 ἄστει
1469 990 1526 1023 τε
1571 966 1643 1039 ἦν
1681 970 1835 1025 ἑσπέ-

147 1079 246 1129 ρας
283 1058 375 1112 καὶ
416 1059 476 1113 ἐν
522 1058 712 1130 χερσὶν
749 1055 829 1112 ὧν
875 1060 977 1112 οὐκ
1020 1060 1091 1113 ἂν
1138 1059 1465 1128 ἐβουλόμην,
1511 1057 1695 1112 ἔπειτα
1740 1069 1835 1129 τῆς
1858 1081 1901 1114 ιο

145 1147 436 1218 ὑστεραίας
474 1147 536 1201 ἐν
574 1147 776 1217 ἑτέρων
815 1144 883 1201 αὗ
923 1147 1112 1219 χερσὶν
1151 1144 1230 1201 ὧν
1268 1148 1400 1201 οὐδὲ
1429 1148 1644 1201 τούτων
1674 1147 1833 1216 ε’βου-

146 1238 340 1305 λόμην·
388 1233 455 1290 οὗ
503 1234 564 1290 δὲ
612 1233 794 1306 ἦλθον
848 1240 1218 1306 μετασχήσων,
1271 1245 1472 1290 τοῦτον
1520 1235 1640 1289 οὐδ’
1695 1236 1833 1307 ὁρᾶν

146 1321 296 1394 εἶχον
327 1323 387 1378 ἐν
418 1328 567 1397 πίθῳ
599 1334 800 1396 μικροῦ
834 1324 1250 1395 καθειργμένος,
1290 1319 1380 1379 οἷα
1409 1327 1476 1378 τὰ
1501 1323 1722 1378 ’κείνων
1755 1326 1832 1388 εἰς

145 1415 277 1476 τοὺς
301 1413 744 1482 ἀφικνουμένους
774 1423 886 1467 τῶν
909 1414 1066 1468 νέων.
1113 1413 1356 1483 ἐβοῶμεν
1381 1415 1448 1483 δὴ
1474 1415 1831 1482 διεστηκότες,
1856 1437 1899 1467 14

144 1501 173 1555 ὁ
214 1504 480 1572 σοφιστὴς
516 1503 619 1571 μὲν
660 1501 666 1573 Ι
718 1502 870 1571 ἐμοῦ,
910 1501 1121 1556 ’κείνου
1170 1500 1230 1558 δὲ
1277 1502 1383 1571 ἐγὼ
1428 1505 1772 1573 στερόμενος·
1803 1515 1919 1558 R14

142 1599 258 1653 τοῖς
305 1593 493 1660 ἔχουσι
539 1589 600 1644 δὲ
647 1594 808 1660 λόγος
855 1592 1038 1655 οὐδεὶς
1083 1600 1178 1660 τῆς
1223 1594 1380 1661 βοῆς,
1427 1590 1543 1645 ἀλλ’
1590 1590 1831 1662 Ἀριστό-

263 1755 288 1793 6
323 1750 407 1795 Od.
441 1770 468 1809 γ
494 1756 578 1795 176
596 1766 662 1808 sq.
787 1757 842 1796 12
874 1752 988 1796 Eun.
1015 1753 1094 1796 vit.
1122 1757 1146 1806 ἓ
1166 1757 1191 1796 2
1225 1749 1543 1808 (Ἐπιφάνιος)
1659 1756 1711 1796 16
1745 1752 1828 1809 Ep.

142 1813 266 1912 ³323
302 1810 539 1913 ἪρΊτὲἔ
560 1808 890 1913 8Ἀριστόδημον
923 1811 1137 1868 ἐτηρεῖτο.
1199 1810 1264 1854 ΙΠ
1296 1815 1394 1864 379,
1430 1815 1482 1855 21
1516 1811 1569 1854 R.
1604 1810 1738 1855 Dion.
1771 1810 1828 1854 H.

265 2021 286 2059 1
327 2017 477 2074 τυχὼν
514 2024 597 2061 τοῦ
640 2019 935 2068 Ποσειδῶνος
976 2017 1077 2072 ἤτοι
1118 2023 1342 2073 σωτῆρος,
1390 2018 1541 2073 ἀφῆκε
1581 2017 1631 2061 δὲ
1668 2017 1828 2075 ἀττικῇ

147 2073 399 2131 συνηθεία,
439 2077 519 2119 καὶ
552 2073 845 2132 Ἀριστείδης·
890 2078 1041 2134 τυχὼν
1080 2082 1160 2133 τῆς
1195 2079 1315 2120 θεοῦ
1362 2077 1412 2133 (t.
1445 2077 1466 2119 I
1510 2080 1615 2131 172,
1653 2081 1706 2120 11
1739 2076 1828 2133 D.),

150 2132 290 2185 ἐάσας
321 2120 468 2178 εἶπεῖν
501 2135 739 2193 συμμάχου
765 2137 813 2181 V.
878 2135 943 2179 Cf.
976 2135 1141 2179 Aesch.
1175 2135 1333 2192 Suppl.
1370 2139 1454 2179 148
1485 2135 1527 2178 K

262 2287 287 2325 2
320 2283 539 2339 εὐμενοῦς
569 2284 676 2339 post
706 2283 854 2340 τυχὼν
879 2284 922 2327 L
955 2284 1003 2326 et
1025 2283 1149 2327 inser
1175 2282 1246 2338 0⁸,
1274 2286 1382 2340 post
1404 2285 1699 2333 Ποσειδῶνος
1724 2285 1770 2327 Β

144 2343 249 2396 3sq.
276 2341 487 2386 Eustath.
515 2342 575 2385 ad
598 2342 732 2386 Dion.
757 2342 858 2386 Per.
885 2346 970 2385 815
994 2340 1219 2400 Λιβάνιός
1248 2358 1341 2385 που
1357 2340 1559 2399 Αἰγαίου
1582 2342 1665 2399 μὲν
1688 2341 1828 2386 πελά-

143 2415 252 2455 γους
282 2401 363 2444 καὶ
394 2400 542 2445 ἄλλων
572 2409 713 2446 τινῶν
743 2399 899 2445 τόπων
924 2401 1042 2457 πρὸς
1066 2400 1213 2457 ὄνομα
1235 2401 1376 2457 ψιλὸν
1400 2402 1481 2445 καὶ
1504 2400 1649 2458 μόνης
1674 2400 1829 2451 ἁπλῶς

145 2456 260 2503 οὕτω
299 2458 524 2516 μέμνηται
561 2466 642 2516 τῆς
676 2458 848 2516 Τροίας
887 2460 970 2517 οὐχ
1010 2459 1177 2515 οὕτως,
1216 2459 1330 2504 ἀλλὰ
1367 2460 1452 2517 τὴν
1490 2459 1547 2503 τὰ
1583 2458 1854 2504 δεινότατα·

146 2519 396 2562 παθοῦσαν
436 2519 654 2576 Πριάμου
699 2517 835 2564 πόλιν
883 2518 1025 2575 φησὶν
1065 2518 1384 2576 οἰκτισάμενος
1422 2519 1483 2570 ὡς
1521 2519 1572 2563 ἐκ
1613 2517 1827 2575 παρόδου

148 2575 301 2630 αὐτήν.
396 2582 422 2620 3
452 2578 511 2621 τὰ
542 2593 617 2622 om
641 2579 685 2623 L
776 2583 804 2621 4
827 2578 912 2651 τὴν
944 2592 1019 2621 om
1045 2579 1127 2622 VL
1158 2577 1260 2622 Mor
1282 2578 1350 2622 Re
1418 2577 1637 2634 Πριάμου
1666 2576 1822 2635 πόλιν]

144 2631 283 2678 πόλιν
319 2635 527 2694 πριάμου
572 2638 616 2680 V
760 2642 786 2681 5
824 2653 875 2681 το
916 2637 958 2680 L
991 2637 1103 2680 Fen·
1266 2641 1293 2680 6
1331 2635 1497 2692 κέρδος
1532 2637 1658 2680 inser
1687 2636 1752 2680 P2

147 2695 174 2734 8
206 2692 256 2736 in
286 2697 525 2751 γεραιστὸν
556 2695 717 2740 littera.
747 2713 764 2740 ι
794 2697 920 2739 inser
942 2695 1009 2739 L²
1153 2700 1207 2739 10
1237 2703 1394 2754 χεροῖν
1417 2696 1461 2739 L
1503 2696 1510 2753 Ι
1553 2693 1824 2754 ἐβουλόμην]

147 2749 416 2810 ἐβουλόμην·
452 2755 562 2799 οὐδὲ
594 2749 746 2810 ἦλθον
778 2753 1073 2813 μετασχήσων
1097 2755 1140 2798 L
1248 2760 1301 2798 11
1334 2753 1502 2810 ἑτέρων
1535 2768 1675 2810 supra
1706 2751 1826 2798 ἑταί-

149 2825 241 2863 ρων
272 2812 334 2855 L²
367 2813 375 2870 Ι
415 2814 591 2872 χερσὶν]
630 2814 800 2870 incipit
829 2815 874 2858 A
913 2814 979 2856 fol
1014 2817 1067 2856 15
1110 2816 1116 2870 Ι
1159 2814 1312 2858 αὐτῶν
1343 2815 1387 2858 L
1517 2818 1570 2858 13
1602 2820 1746 2868 μικρῶ
1779 2814 1825 2856 Β

211 2873 265 2912 15
296 2868 471 2916 ἐκείνου
490 2873 560 2931 V!
602 2870 651 2917 δ’
674 2874 756 2917 VL
879 2878 932 2916 16
961 2870 1269 2928 Ἀριστοδήμω
1288 2873 1332 2916 V
1356 2874 1404 2915 et
1433 2872 1483 2915 in
1513 2885 1647 2928 marg
1677 2871 1746 2915 B²
1778 2874 1825 2915 et

151 2939 288 2982 supra.
311 2929 617 2988 ἀριστόὸημος
642 2932 712 2976 0⁸.
766 2931 836 2975 De
869 2931 1080 2987 sophista
1102 2931 1378 2975 Atheniensi
1398 2931 1720 2988 cogitaverunt
1741 2931 1822 2983 Re,
