2026 3168
178 121 251 174 20
719 119 946 163 LIBANII
978 117 1318 163 ORATIONES

175 266 263 309 τοῦ
309 253 552 326 πλέθρου)
601 259 734 322 quod
779 259 910 307 idem
947 259 1166 323 Ehinger
1211 275 1340 307 anno
1391 260 1530 306 1632
1578 262 1780 323 rogatus
1830 277 1857 307 a

175 333 419 382 Peirescio
457 333 510 380 in
548 348 712 394 usum,
758 335 816 380 ut
853 332 1070 395 videtur,
1116 332 1319 382 Henrici
1357 332 1543 381 Valesii
1581 333 1700 385 fecit
1739 349 1855 395 apo·

177 409 420 472 graphum
432 401 471 473 1)
506 405 654 468 periit
683 406 763 454 vel
795 406 976 454 alicubi
1006 407 1143 454 latet.
1195 407 1376 455 Totum
1401 406 1622 457 codicem
1646 407 1859 456 excussit

179 498 305 529 anno
357 483 420 527 17
431 474 551 547 702)
597 479 820 543 Lipsiam
872 482 1079 528 missum
1128 480 1368 529 adiutrice
1422 495 1570 528 uxore
1616 480 1857 542 ReiskiuS,

178 556 316 603 cuius
357 554 506 602 editio
554 569 609 604 eo
652 553 966 617 potissimum
1011 552 1211 614 nititur,
1255 553 1402 603 annis
1445 554 1584 602 1868
1625 555 1675 601 et
1716 556 1855 604 1869

177 629 433 692 Augustus
474 626 639 675 Gasda
676 626 885 690 Lubani,
926 643 1053 676 anno
1097 627 1237 678 1878
1279 642 1370 690 ego
1409 627 1676 676 Rostochii.

292 703 339 749 3.
374 701 697 750 Vaticanus
728 700 1046 750 Palatinus
1079 718 1150 766 gr.
1178 702 1282 748 282
1311 693 1406 767 (=
1423 694 1503 767 P),
1527 701 1647 749 olim
1677 701 1858 749 Fran-

180 775 323 823 cisci
361 775 691 837 Philelphi,
726 774 901 823 deinde
932 774 1230 824 Leonardi
1267 774 1598 822 Iustiniani
1629 775 1860 836 Veneti,

177 849 515 898 Procuratoris
579 849 626 897 S.
680 849 857 910 Marci,
910 849 963 896 id
1018 848 1149 911 quod
1201 848 1423 896 indicant
1477 849 1860 911 subscriptiones

177 923 230 970 in
282 923 377 970 fine
438 923 604 970 ultimi
666 915 821 989 (291)
877 922 987 971 folii
1040 924 1259 985 positae,
1323 939 1533 984 quarum
1592 923 1728 983 prior
1789 925 1863 971 est

177 997 449 1045 rubricata:
509 997 762 1046 Leonardi
815 997 1090 1045 Iustiniani
1134 997 1319 1052 Veneti,
1373 996 1532 1044 altera
1585 998 1860 1045 atramento

178 1072 316 1119 fusco
358 1072 580 1119 exarata:
619 1065 683 1119 ‘i‘
707 1066 739 1133 ἡ
772 1069 942 1134 βίβλος
973 1069 1098 1134 αὕτη
1129 1070 1382 1119 Leonardi
1412 1070 1683 1119 Iustiniani
1701 1071 1864 1119 Veneti

180 1143 325 1208 ἔστιν,
364 1143 431 1193 ἔτι
464 1141 516 1193 δὲ
546 1142 628 1192 καὶ
658 1151 756 1192 τῶν
787 1144 947 1206 φίλων
978 1142 1153 1192 αὐτοῦς
1194 1138 1256 1192 ‘4‘
1288 1145 1547 1192 Francisci
1567 1145 1773 1204 philem,
1810 1145 1863 1191 in

182 1234 279 1280 qua
317 1221 485 1266 tamen
522 1218 763 1266 vocabula
801 1219 1055 1266 Leonardz·
1085 1218 1358 1267 Iustiniani
1391 1219 1554 1267 Veneti
1591 1218 1864 1266 cancellata

181 1285 370 1359 sunt3),
423 1295 599 1354 postea
650 1291 923 1341 Udalrici
975 1292 1256 1356 Fuggeri,
1319 1292 1457 1340 cuius
1510 1286 1863 1357 bibliotheca4)

183 1382 310 1415 anno
365 1367 506 1414 1584
560 1366 845 1414 Palatinam
896 1365 1360 1429 Heidelbergensem
1421 1365 1654 1426 intravit,
1712 1382 1865 1413 mem-

180 1440 451 1488 branaceus
491 1441 678 1488 formae
718 1442 921 1488 octavae
960 1439 1162 1488 maioris
1201 1439 1386 1488 saeculi
1423 1439 1556 1500 XIV,
1608 1442 1800 1487 constat
1839 1456 1862 1486 e

182 1514 314 1562 foliis
364 1516 465 1562 291
514 1515 595 1562 vel
639 1510 722 1561 λθ’
772 1514 1177 1575 quaternionibus
1228 1513 1408 1562 diversi
1455 1513 1692 1575 ambitus,
1747 1529 1864 1575 quo-

181 1604 290 1635 rum
352 1587 543 1635 numeri
602 1587 656 1636 in
709 1587 1015 1651 marginibus
1067 1586 1382 1635 inferioribus
1434 1587 1584 1648 positi
1639 1587 1865 1649 plerique

185 1661 383 1723 abscisi,
435 1663 583 1723 pauci
627 1663 794 1709 tamen
841 1661 999 1710 adhuc
1046 1662 1167 1709 satis
1215 1661 1464 1723 conspicui
1516 1663 1631 1708 sunt
1679 1654 1768 1727 (ιζ’
1813 1661 1866 1707 in

308 1863 350 1918 1)
382 1860 638 1905 Peirescius
678 1861 755 1905 die
792 1861 931 1906 tertio
969 1859 1175 1905 Ianuarii
1215 1860 1325 1904 anni
1359 1864 1472 1904 1633
1510 1860 1656 1916 Aquis
1697 1859 1865 1904 Sextiis

186 1919 347 1964 scribit
370 1920 624 1977 Ehingero:
659 1922 726 1975 „J
728 1922 805 1979 ’ay
835 1935 963 1965 receu
986 1934 1042 1964 en
1063 1934 1222 1964 mesme
1243 1925 1351 1963 tems
1372 1933 1449 1963 vos
1471 1920 1591 1963 deux
1614 1919 1869 1976 despesches

186 1980 250 2023 du
287 1983 362 2024 18.
402 1979 492 2023 Oct.
532 1984 574 2024 et
611 1983 682 2024 15.
716 1980 965 2025 Novembre
1003 1993 1107 2024 avec
1145 1979 1362 2023 l’oraison
1400 1980 1454 2023 de
1491 1978 1724 2022 Libanius
1761 1975 1867 2032 περί

185 2045 266 2082 τοῦ
298 2036 504 2092 πλέθρου
537 2039 648 2082 dont
668 2039 720 2094 Je
750 2052 861 2084 vous
889 2039 1097 2083 remercie
1132 2043 1220 2083 tres
1259 2039 1645 2093 affectueusement
1676 2073 1684 2080 .
1713 2072 1721 2080 .
1750 2073 1757 2080 .
1820 2038 1868 2081 Π

185 2111 242 2141 ne
272 2111 373 2141 sera
395 2099 506 2153 plus
537 2098 590 2142 de
622 2098 801 2155 besoiny
832 2099 886 2141 de
916 2098 1066 2154 copier
1098 2097 1158 2141 les
1188 2098 1397 2142 oraisons
1431 2098 1483 2141 de
1514 2097 1744 2140 Libanius
1773 2109 1868 2140 ‘non

185 2157 448 2212 imprime'es,
473 2170 697 2213 parceque
722 2157 816 2201 Mr.
839 2156 1069 2213 Godefroy
1098 2157 1188 2200 m'a
1217 2157 1353 2202 remis
1378 2157 1504 2200 celles
1534 2169 1617 2212 que
1647 2169 1757 2199 vous
1789 2155 1868 2212 lwy

187 2228 291 2259 avez
315 2216 567 2274 envoye'esf‘
615 2214 901 2272 (Schelhorn‚
923 2216 1113 2260 Amoen.
1132 2215 1271 2260 Liter.
1295 2217 1328 2259 t.
1347 2214 1411 2259 111
1434 2213 1644 2258 Francos.
1671 2215 1719 2257 et
1742 2213 1865 2270 Lips.

302 2289 448 2434 mptpf.
473 2276 699 2377 Rbiskens
731 2332 1252 2388 Lebensbeschreibung
1284 2347 1327 2389 p.
1349 2335 1448 2375 530.
1480 2330 1690 2374 Reiskc's
1715 2330 1868 2374 Briefe

309 2452 351 2506 3)
393 2451 522 2494 Idem
561 2464 660 2494 esse
691 2450 874 2495 videtur
909 2450 1054 2495 codex
1086 2451 1227 2505 atque
1263 2449 1306 2493 is
1346 2463 1485 2506 quem
1514 2448 1787 2505 Philelphus
1819 2462 1868 2492 se

189 2507 595 2565 Constantinopoli
633 2510 682 2553 in
719 2509 907 2553 Italiam
946 2509 1186 2552 advexisse
1225 2507 1379 2551 idibus
1417 2507 1562 2551 Iuniis
1603 2507 1713 2551 anni
1755 2511 1868 2551 1428

189 2567 400 2610 Bononia
423 2568 667 2612 Ambrosio
692 2567 985 2612 Traversario
1011 2567 1174 2611 scribit
1197 2567 1688 2623 (Orationestibaniis
1710 2566 1867 2609 Ambr.

190 2625 321 2670 Trav.
342 2639 445 2682 epp.
464 2626 611 2669 XXIV
628 2631 713 2670 875
737 2642 782 2683 p.
804 2629 946 2682 1010).
981 2625 1047 2670 Cf.
1073 2625 1228 2682 Voigt,
1254 2617 1678 2681 Wiederbelebung
1697 2625 1718 2666 I
1738 2629 1823 2668 418
1839 2624 1866 2667 ³.

311 2687 354 2740 4)
385 2684 438 2728 In
469 2685 623 2729 indice
653 2684 792 2729 huius
816 2685 1130 2729 bibliothecae
1154 2697 1275 2729 anno
1302 2688 1412 2729 1571
1441 2683 1651 2729 confecto
1676 2685 1724 2727 et
1746 2697 1869 2727 nunc

190 2743 241 2786 in
278 2742 566 2787 bibliotheca
610 2743 754 2787 civica
793 2742 1136 2800 Hamburgensi
1179 2744 1446 2786 conservato
1489 2742 1564 2799 (cf.
1604 2741 1868 2795 Hoffmann,

195 2802 349 2858 Serap.
375 2802 438 2845 IX
462 2806 547 2846 289
566 2804 665 2859 sq),
698 2803 751 2845 ut
775 2801 1049 2858 Meynckius
1079 2815 1259 2845 mecum
1293 2801 1662 2856 communicavit,
1694 2801 1763 2845 ita
1791 2801 1870 2844 de-

194 2861 431 2905 scribitur:
474 2875 521 2916 p.
549 2864 637 2905 381
671 2861 866 2905 Libanii
896 2861 1131 2917 Sophistae
1160 2861 1257 2905 vita
1288 2866 1370 2905 aut
1398 2861 1452 2905 de
1482 2861 1628 2917 ipsius
1664 2861 1868 2915 fortwna.

193 2921 321 2975 Auff.
356 2921 624 2977 Peryame‘nt
652 2920 931 2978 yesclvrieben
960 2920 1013 2963 in
1042 2923 1083 2964 4.
1116 2934 1240 2964 num.
1267 2923 1337 2964 10.
