2026 3168
166 127 235 180 68
711 126 936 170 LIBANH
967 126 1306 171 ORATIONES

164 267 323 316 Palat.
352 266 498 316 codd.
523 281 670 314 mnes.
695 259 908 332 collata),
936 267 1052 314 sunt
1074 265 1332 315 Palatinus
1357 283 1425 330 gr.
1452 268 1554 314 282
1582 269 1631 314 et
1640 267 1753 314 Vat'.
1771 283 1843 330 gr.

170 342 290 390 9⁴39.
355 340 630 388 Cardinalis
670 355 700 387 a
733 339 779 387 S.
814 338 1039 387 Susanna
1075 341 1295 401 tempore
1335 356 1431 402 quo
1462 340 1694 388 Morellus
1724 340 1845 388 haec

166 415 383 476 scripsit,
415 414 446 460 i.
472 430 511 461 e.
545 429 672 461 anno
705 413 804 460 fere
834 414 989 475 1626,
1023 414 1130 461 erat
1165 412 1366 476 Scipio
1400 407 1846 475 Gobelluzius1)‚

165 488 296 536 idem
351 486 625 535 Oardinalis
679 486 1091 535 Bibliothecarius
1144 486 1480 536 Bibliothecae
1532 487 1846 550 Apostolicae

165 562 280 609 inde
313 561 373 608 ab
407 576 534 608 anno
572 561 727 622 1618,
764 560 848 622 qui
879 560 1111 612 lectiones
1141 561 1316 609 horum
1347 561 1570 609 codicum
1600 577 1712 609 cum
1742 562 1845 610 Mo-

165 636 287 683 rello
314 635 695 684 communicasse
721 634 987 683 censendus
1020 636 1107 682 est.
1157 633 1320 682 Codex
1341 634 1599 683 Palatinus
1611 628 1652 701 2)
1676 637 1845 697 paucis

168 709 309 756 annis
350 710 464 756 ante
499 708 708 755 Romam
746 710 961 757 venerat.
1037 707 1267 756 Alterum
1305 725 1420 757 vero
1460 708 1674 757 codicem
1705 709 1846 757 Vati-

168 798 344 831 canum
383 799 453 845 gr.
489 783 592 830 939
633 783 785 830 fuisse
823 781 1056 830 lectiones
1097 798 1125 829 a
1163 782 1369 830 Morello
1412 783 1464 829 in
1502 784 1639 830 textu
1677 784 1757 831 vel
1794 783 1848 830 in

167 856 388 919 margine
427 856 674 918 repositae
712 856 894 904 indicio
935 858 1061 903 sunt.
1123 856 1189 902 Et
1226 856 1372 904 huius
1405 856 1584 905 codicis
1614 857 1847 906 lectiones

169 930 319 978 etiam
364 931 417 976 in
462 931 685 993 margine
734 930 1024 992 exemplaris
1071 930 1301 978 editionis
1344 931 1670 979 Fen-ariensis
1717 930 1848 992 quod

167 1020 296 1051 nunc
333 1019 482 1065 penes
520 1020 598 1051 me
639 1005 727 1064 est,
765 1004 957 1065 positae
998 1006 1112 1051 sunt
1145 1005 1259 1065 post
1290 1020 1371 1052 eas
1405 1019 1532 1066 quae
1564 1020 1589 1051 e
1621 1004 1846 1052 Parisino

168 1094 239 1141 gr.
275 1079 414 1126 3016
456 1081 563 1125 tum
593 1078 817 1125 Romano
828 1070 869 1143 3)
909 1080 1247 1126 manaverunt.
1320 1078 1416 1134 Qui
1452 1078 1541 1126 has
1574 1078 1850 1143 adscripsit,

170 1167 287 1200 usus
339 1153 414 1199 est
467 1167 618 1199 manu
669 1151 862 1213 subtili,
916 1153 1003 1213 qui
1047 1152 1161 1199 illas
1206 1151 1341 1199 haud
1385 1167 1497 1200 raro
1550 1153 1712 1199 infra
1760 1152 1849 1199 has

166 1226 338 1287 posuit
384 1226 463 1273 vel
508 1225 585 1272 1115
633 1226 863 1287 aequales
911 1240 1013 1273 esse
1059 1226 1313 1288 indicavit,
1353 1226 1608 1288 grossiore.
1684 1225 1848 1287 Atque

166 1299 247 1347 hic
301 1299 499 1360 quidem
543 1299 778 1347 Morellus
823 1299 929 1362 ipse
975 1299 1171 1347 videtur
1216 1300 1379 1348 fuisse.
1456 1299 1587 1347 Nam
1633 1299 1849 1348 eiusdem

167 1389 341 1421 manus
381 1388 578 1436 grossae
619 1375 735 1421 sunt
773 1373 915 1436 signa
952 1374 1199 1435 permulta
1240 1389 1367 1435 quae
1412 1373 1539 1420 nihil
1583 1374 1680 1421 nisi
1724 1373 1850 1421 vitia

168 1449 331 1495 textus
357 1447 588 1495 editionis
604 1447 930 1495 Ferrariensis
956 1446 1257 1494 emendanda
1276 1447 1589 1510 typographo
1614 1447 1847 1494 indicant.

279 1521 443 1582 Atque
481 1521 602 1569 haec
642 1521 840 1582 quidem
879 1521 937 1569 de
978 1522 1186 1584 singulis
1226 1521 1488 1570 codicibus,

282 1594 421 1651 Quod
462 1597 631 1642 autem
661 1596 714 1642 in
737 1594 858 1642 Vita
890 1594 1076 1642 edenda
1110 1594 1396 1642 Soterianus
1429 1593 1650 1656 Capsalis
1686 1594 1849 1643 codice

170 1668 643 1729 Wolfenbuttelano,
682 1668 917 1716 Morellus
955 1671 1154 1730 praeter
1193 1668 1459 1716 editionem
1488 1668 1850 1716 Ferrariensem

171 1741 417 1790 codicibus
468 1741 698 1791 Palatino
745 1758 816 1805 gr.
859 1743 988 1803 282,
1034 1742 1276 1790 Vaticano
1328 1759 1398 1805 gr.
1442 1744 1570 1804 939,
1624 1742 1858 1791 Parisino*

291 1928 332 1982 1)
366 1926 656 1978 Cobelluzius
690 1926 973 1971 Secretarius
1005 1926 1301 1983 Apostolicus
1333 1926 1469 1970 Pauli
1499 1926 1541 1970 V
1582 1940 1702 1970 anno
1737 1931 1849 1970 1616

172 1984 433 2029 Cardinalis
459 1985 501 2029 S.
529 1985 768 2029 Susannae
799 1985 951 2030 factus
985 1985 1070 2042 (De
1101 1985 1202 2029 Mas
1234 1985 1401 2039 Latrie,
1435 1986 1600 2029 Tresor
1631 1986 1689 2029 de
1721 1985 1851 2029 chro-

171 2044 359 2102 nologie
391 2044 475 2088 col.
512 2047 664 2101 1226),
697 2047 751 2088 111,
781 2045 829 2088 F.
862 2044 1003 2088 Ehrle
1034 2045 1237 2102 gratiose
1267 2058 1448 2088 mecum
1480 2043 1850 2098 communicavit,

171 2103 555 2147 bibliothecarius
586 2103 900 2148 bibliothecae
930 2103 1189 2147 Vaticanae
1221 2103 1310 2146 fuit
1340 2104 1450 2147 inde
1483 2118 1510 2147 a
1537 2108 1593 2146 -17
1616 2102 1849 2147 februario

176 2167 287 2206 1618
312 2175 459 2218 11511116
484 2163 546 2206 ad
564 2167 615 2206 11
643 2165 892 2220 augustum
911 2167 1023 2206 1626
1048 2165 1096 2206 61,
1119 2165 1315 2206 mortem
1339 2162 1457 2206 obiit
1480 2162 1555 2206 die
1578 2167 1631 2205 29
1649 2161 1851 2205 ianuarii

176 2226 302 2267 1627.
358 2221 423 2265 Cf.
457 2221 639 2265 Morelli
661 2222 822 2265 Liban.
858 2224 1103 2265 Βασιλικοῦ
1137 2222 1302 2280 (Lutet.
1338 2220 1848 2279 1614)'praefationem.

293 2283 336 2337 2)
382 2280 451 2324 Ex
484 2279 576 2326 >hoc
614 2280 834 2324 Morellus
875 2294 911 2325 e.
953 2296 995 2337 g.
1036 2280 1237 2337 sumpsit
1277 2280 1419 2325 verba
1462 2280 1546 2324 οὐκ
1591 2277 1691 2336 ἤδει
1734 2279 1850 2336 (ipse

174 2339 359 2396 scripsit
394 2335 508 2396 οἶδε)
547 2342 802 2396 χαλεπῆναι
840 2355 884 2396 p.
918 2343 988 2393 82,
1021 2344 1046 2382 2
1087 2352 1206 2395 quae
1245 2339 1294 2382 in
1334 2339 1544 2386 editione„
1568 2325 1850 2381 Ferrariensi

174 2400 223 2445 et
253 2398 490 2442 codicibus
522 2398 750 2442 Vaticano
785 2404 868 2442 939
902 2400 950 2442 et
979 2398 1191 2441 Parisino
1224 2399 1403 2442 desunt.

241 2497 243 2501 ,
293 2459 337 2513 3)
367 2457 488 2500 Vide
520 2470 660 2513 supra
690 2462 830 2514 1258.
887 2457 1134 2514 Exemplar
1165 2458 1289 2513 quod
1319 2457 1368 2499 in
1399 2455 1548 2513 primo
1572 2455 1684 2498 folio
1708 2455 1851 2498 habet

175 2514 545 2571 inscriptionem:
581 2517 699 2571 „Del
728 2518 782 2561 P.
809 2517 956 2562 Scotto
986 2517 1062 2561 eui
1091 2518 1384 2560 restituatur“
1417 2516 1464 2558 et
1494 2515 1731 2568 „Oratorii
1754 2516 1851 2558 Ba-

173 2574 338 2618 riensis
360 2575 562 2632 cataloyo
587 2577 870 2630 Inscriptus“
896 2577 944 2619 et
967 2589 1107 2630 „arm
1129 2575 1174 2619 0.
1197 2575 1305 2618 Tab.
1322 2575 1385 2617 II
1396 2575 1624 2639 Βορέω*
1656 2573 1849 2617 Μο16110

174 2632 368 2676 missum
400 2634 500 2681 erat
532 2634 589 2676 ab
621 2633 808 2677 Andr-ea
839 2633 1041 2687 Schotto‚
1082 2633 1163 2689 qui
1194 2633 1293 2689 ipse
1324 2634 1523 2676 testatur
1552 2632 1603 2675 in
1632 2634 1744 2675 nota
1776 2646 1851 2675 co-

178 2691 295 2734 dicis
327 2690 695 2735 Skoklosteriani
729 2696 783 2736 98
819 2707 943 2741 nunc
979 2693 1029 2737 in
1059 2691 1206 2749 Regio
1246 2691 1430 2734 archivo
1462 2690 1720 2734 Holmiensi
1759 2705 1850 2734 ser-

175 2749 294 2804 vati,
330 2763 470 2804 quam
501 2749 680 2805 publici
711 2750 823 2794 iuris
855 2751 946 2794 feci
986 2751 1101 2807 (Ber.
1136 2751 1217 2792 der
1247 2750 1365 2794 Berl.
1399 2749 1547 2793 Akad.
1582 2754 1710 2804 1885,
1744 2754 1848 2793 906:

175 2810 230 2852 in
259 2809 532 2856 Ferrarensi
568 2809 763 2853 editione
794 2810 1210 2854 Declamationum:
1255 2809 1386 2853 habet
1425 2824 1454 2852 a
1491 2823 1558 2852 me
1598 2810 1850 2865 Morellus),

175 2868 340 2923 postea
363 2866 480 2915 miro
502 2880 611 2911 casu
635 2867 698 2910 ad
709 2867 952 2914 Reiskium
976 2869 1025 2911 et
1040 2867 1246 2923 denique
1271 2868 1332 2910 ad
1354 2881 1428 2910 me
1451 2867 1604 2923 ipsum
1627 2867 1849 2923 pervenit.

177 2926 362 2977 Harum,
379 2925 630 2975 lectionum
653 2926 702 2970 in
726 2928 957 2983 apparatu
981 2926 1148 2971 critico·
1162 2927 1391 2973 rationem
1413 2926 1584 2970 habere
1602 2927 1748 2970 visum
1766 2927 1848 2969 est.

2017 1064 2026 1076 a
2020 1033 2026 1042 ,Α
2012 934 2026 1019 -fflz
2013 798 2026 927 ’Ἷι-Ώθᾯι
2011 562 2026 791 marn-mam:
1999 523 2014 532 τ
