2026 3168
663 122 890 167 LIBANII
922 121 1263 167 ORATIONES
1779 123 1814 175 5

132 263 266 329 ἴχνος
303 281 351 312 τε
389 260 588 329 ἄριστον
626 260 844 327 ἐνέβαινε
881 260 964 311 καὶ
1002 259 1222 326 ἀπήλαυε
1259 268 1347 326 τῆς
1386 258 1505 310 ὁδοῦ
1543 259 1602 310 τὰ
1639 259 1815 312 εἰκότα.

135 340 180 386 5.
227 336 483 403 θαρσήσας
522 334 575 386 δὲ
613 334 693 385 ἐπὶ
731 341 798 404 τῷ
836 334 990 402 λέγειν
1027 333 1111 384 καὶ
1146 335 1317 394 πείσας
1355 333 1546 399 ἔαυτόν,
1593 333 1659 394 ὥς
1705 334 1815 385 ἐνά-

133 414 297 475 μιλλος
335 410 410 474 εἴη
449 414 551 469 τοῖς
590 408 668 459 ἐπὶ
706 410 860 480 τούτῳ
900 408 1021 476 μέγα
1054 417 1350 475 φρονοῦσιν,
1394 407 1483 474 οὐχ
1519 408 1667 458 εἵλετο
1706 407 1816 476 περὶ

133 483 311 551 μικρὰν
348 484 494 534 πόλιν
532 484 835 550 κρύπτεσθαι
869 482 952 532 καὶ
982 483 1393 549 συγκαταπίπτειν
1423 487 1488 551 τῷ
1513 490 1600 547 τῆς
1630 481 1815 542 πόλεως

131 557 390 623 ἀξιώματι,
439 552 543 607 ἀλλ’
579 556 659 607 ἐπὶ
704 556 795 622 τὴν
839 557 1366 607 Κωνσταντινούπολιν
1413 554 1661 622 διαβαλὼν
1706 554 1813 624 ἄρτι

131 638 407 698 παριοῦσαν
442 631 513 691 εἰς
551 630 760 698 μέγεθος
796 629 879 680 καὶ
917 629 1231 696 ἀκμάζουσαν
1268 629 1351 679 καὶ
1391 628 1629 695 δεομένην
1660 629 1815 697 ἔργων

131 724 179 755 τε
219 703 345 770 ὁμοῦ
382 703 466 754 καὶ
503 705 662 772 λόγων
701 707 750 755 οἳ
785 705 1227 770 κατακοσμήσουσι,
1266 703 1384 770 ταχὺ
1420 704 1548 769 μάλα
1585 703 1668 754 καὶ
1706 700 1812 754 κατ’

130 778 288 843 αὐτὴν
326 777 595 843 ἐξέλαμψεν
633 779 703 839 εἰς
741 779 1012 829 συνουσίαν
1050 797 1098 828 τε
1145 777 1339 846 ἄριστος
1384 777 1467 828 καὶ
1512 777 1818 845 χαριέστατος

132 852 306 917 φανεὶς
351 852 433 902 καὶ
472 853 540 912 εἰς
586 852 817 912 ἐπίδειξιν
862 852 1021 920 λόγων
1048 852 1415 944 ἐπαφρόδιτος
1488 854 1533 901 6.
1582 852 1817 918 διαβολῆς

132 925 186 976 δὲ
225 926 355 995 αὐτῷ
388 945 521 986 τινος
557 925 825 993 γενομένης
863 925 973 994 περὶ
1011 926 1069 976 τὰ
1108 927 1347 994 μειράκια,
1386 923 1452 990 ἣν
1489 926 1694 990 θεμιτὸν
1725 926 1817 976 ούκ

132 994 196 1065 ἦν
233 999 340 1064 ἐμοὶ
378 1001 588 1067 γράφειν
627 999 676 1060 ἔς
714 1001 917 1065 μνήμην
955 999 1224 1067 ἀξιολόγων
1261 999 1425 1050 ἀνέντι
1463 999 1554 1065 τὴν
1600 1000 1816 1068 γραφήν,

132 1074 351 1124 ἐκπεσὼν
389 1082 476 1140 τῆς
508 1075 1074 1135 Κωνσταντινουπόλεως
1110 1073 1304 1140 κατέσχε
1340 1074 1433 1139 τὴν
1463 1074 1818 1139 Νικομήδειαν.

137 1152 183 1197 7.
216 1146 450 1198 κάκεῖθεν
474 1146 527 1197 δὲ
550 1156 637 1214 τῆς
661 1148 834 1213 φήμης
856 1147 1185 1213 ἐπισπομένης
1208 1146 1291 1197 καὶ
1313 1148 1664 1215 παραθεούσης
1686 1147 1818 1216 αύτῷ

133 1222 215 1271 διὰ
254 1221 436 1288 ταχέων
475 1220 839 1289 ἀποκρουσθεὶς
878 1221 994 1287 μετὰ
1031 1221 1210 1289 χρόνον
1248 1221 1358 1271 τινὰ
1395 1220 1475 1271 ἐπὶ
1512 1221 1603 1286 τὴν
1641 1221 1818 1272 ἑαυτοῦ

131 1296 340 1363 πατρίδα
378 1294 460 1345 καὶ
498 1296 643 1346 πόλιν
681 1294 988 1362 ἐπανέρχεται
1017 1295 1165 1346 κάκεῖ
1185 1295 1272 1346 τὸν
1301 1291 1462 1345 πάντα
1492 1294 1607 1360 ἐβίω
1638 1296 1816 1363 χρόνον

131 1370 319 1436 μακρὸν
357 1368 439 1418 καὶ
477 1371 831 1436 παρατείνοντα
867 1370 1147 1436 γενόμενον.

244 1446 290 1493 8.
347 1443 579 1508 Μνήμην
629 1441 717 1508 μὲν
767 1436 859 1493 οὖν
909 1442 1039 1513 αὐτῷ
1086 1442 1178 1508 τὴν
1231 1442 1517 1510 πρέπουσαν
1569 1441 1663 1492 κάν
1717 1448 1820 1504 τοῖς

130 1519 340 1583 βιβλίοις
377 1522 479 1576 τοῖς
523 1516 646 1566 κατὰ
690 1517 777 1568 τὸν
811 1513 1083 1568 Ἰουλιανὸν
1128 1515 1161 1583 ή
1207 1517 1375 1585 γραφὴ
1427 1518 1710 1583 πεποίηται,
1761 1517 1821 1567 τὰ

131 1588 184 1640 δὲ
222 1587 340 1641 καθ’
369 1590 572 1641 ἕκαστον
609 1599 705 1641 νῦν
742 1590 1105 1651 ἐπεξελεύσεται.

253 1709 275 1747 1
302 1702 540 1758 ἀπήλαυσε
564 1705 611 1748 A
637 1708 643 1759 Ι
670 1703 728 1749 τὰ
753 1718 841 1748 om.
867 1706 913 1749 A
983 1709 1008 1748 3
1033 1703 1148 1762 μέγα
1174 1710 1429 1760 φρονοῦσιν
1454 1703 1619 1760 scripsi
1679 1719 1820 1762 μεγα-

132 1769 362 1819 φρονοῦσι
386 1763 486 1806 AL
510 1765 576 1820 (et
599 1763 896 1821 Lundstrfim)
973 1767 1402 1837 μεγαλοφρονοῦσιν
1433 1763 1579 1807 Boiss.
1688 1767 1713 1807 6
1747 1762 1821 1819 ἔρ-

131 1839 226 1878 γων
257 1838 305 1866 τε
337 1821 453 1878 ὁμοῦ
485 1823 566 1866 καὶ
598 1837 686 1866 om.
721 1824 765 1867 L
911 1827 965 1867 10
995 1821 1054 1878 ἣν
1086 1837 1173 1866 om.
1208 1823 1254 1866 A
1390 1827 1444 1867 13
1476 1821 1614 1866 κάκεῖ
1639 1822 1685 1866 A
1720 1823 1725 1870 1
1769 1822 1820 1868 δὲ

134 1894 222 1924 om.
248 1881 292 1924 L
386 1885 440 1924 14
471 1881 584 1937 μετὰ
615 1881 785 1957 296vpv
816 1881 921 1926 τινὰ
953 1896 1041 1926 om.
1068 1883 1110 1926 L
1208 1885 1260 1924 17
1294 1880 1497 1938 Μνήμην
1521 1907 1580 1914 --
1612 1884 1665 1924 19
1692 1881 1821 1934 ἐπεξ-

134 1939 362 1984 ελεύσεται
402 1954 488 1983 om.
527 1941 571 1984 L
621 1942 628 1998 Ι
685 1941 860 1985 αὐτοῦῗ
908 1941 925 2042 l
966 1941 1054 1984 κάν
1089 1947 1186 1991 τοῖς
1221 1938 1415 1998 βιβλίοις
1454 1947 1551 1990 τοῖς
1588 1939 1708 1984 κατὰ
1738 1940 1821 1984 τὸν

128 1996 406 2055 Ἰουλιανὸν]
440 1998 574 2043 Unde
606 1999 831 2043 nonnulla.
855 2013 907 2043 sa
927 2000 1036 2054 tem,
1068 2002 1122 2043 ut
1144 1999 1322 2056 primus
1346 1998 1678 2043 Boissonadius
1702 1999 1819 2042 Eun.

131 2057 153 2101 I
178 2062 263 2101 544
287 2057 535 2132 cognovit,
575 2058 861 2102 transierunt
890 2058 940 2101 in
973 2058 1182 2102 Suidae
1221 2057 1405 2102 lexicon
1437 2073 1470 2102 s.
1502 2073 1543 2101 v.
1575 2052 1818 2132 Λιβανιος·

128 2115 178 2161 Ὁ
209 2116 260 2161 δὲ
287 2114 545 2168 Ἰουλιανὸς
553 2117 621 2191 [6
652 2116 952 2191 παραβάτης]
986 2115 1155 2174 καίπερ
1186 2117 1423 2168 τοσούτοις
1454 2117 1714 2191 ἐμβεβηκὼς
1742 2123 1824 2174 τῆς

132 2192 180 2220 τε
205 2176 330 2250 Ιτπερὶ
352 2174 515 2233 λόγους
546 2175 713 2233 ἥπτετο
748 2174 1011 2232 φιλοτιμίας
1048 2177 1128 2221 καὶ
1158 2176 1240 2221 τὸν
1270 2181 1354 2232 τῆς
1378 2174 1655 2250 Ἀντιοχείας
1685 2191 1821 2232 σοφι-

134 2234 261 2290 στήν,
303 2228 338 2295 ᾧ
363 2234 590 2293 Λιβάνιος
622 2234 791 2292 ὄνομα,
831 2234 1150 2310 διαφερόντως
1180 2235 1463 2292 ἐθαύμασεν,
1502 2253 1561 2280 τα
1599 2235 1683 2292 μὲν
1715 2235 1823 2288 ἴσως

133 2281 361 2349 ἐπαινῶν,
406 2294 463 2338 τὰ
504 2294 556 2339 δὲ
596 2292 720 2346 ὅπως
750 2292 918 2351 λυποίη
949 2295 1030 2339 τὸν
1061 2293 1208 2352 μέγαν
1239 2294 1463 2352 σοφιστὴν
1494 2293 1821 2366 Προαιρέσιον,

132 2360 369 2428 προτιμῶν
404 2352 571 2409 ἕτερον.
630 2351 839 2404 Ἀκάκιος
869 2361 984 2411 γοῦν
1014 2370 1083 2406 τις
1114 2354 1239 2414 αὐτῷ
1262 2360 1354 2398 τῶν
1384 2355 1492 2410 περὶ
1521 2354 1607 2410 τὴν
1638 2350 1822 2411 ῥητορι-

1842 944 1884 975 10

1843 1312 1884 1345 15

133 2412 221 2468 κὴν
253 2414 421 2456 δεινῶν
453 2413 532 2456 καὶ
564 2412 588 2457 6
622 2413 674 2457 ἐκ
708 2411 912 2469 Φρυγίας
948 2399 1236 2464 Τουσκιανὸς
1266 2413 1340 2457 ἀεὶ
1373 2413 1492 2469 πρὸς
1528 2420 1675 2457 ταῦτα
1716 2413 1820 2458 ἐπε·
1847 2450 1852 2453 ,

133 2470 307 2515 κάλουν
351 2472 431 2514 καὶ
471 2471 781 2540 διεμέμφοντο
823 2471 908 2523 τὰς
948 2469 1122 2527 κρίσεις
1164 2471 1220 2515 cf.
1255 2485 1288 2514 s.
1321 2487 1360 2515 v.
1423 2470 1732 2528 Προαιρέσιος
1774 2473 1822 2515 et

126 2528 350 2581 Ἀκάκιος.
398 2530 577 2586 Eunap.
603 2530 683 2575 vit.
710 2545 793 2587 sop
795 2529 896 2587 h.p
902 2534 993 2574 ,68
1018 2532 1066 2575 et
1090 2535 1144 2574 73
1170 2531 1240 2575 ed
1259 2530 1403 2575 Boiss
1446 2531 1627 2587 Eunap.
1652 2530 1818 2587 fragm.

134 2589 204 2632 ed.
230 2589 374 2632 Bonn.
403 2592 515 2633 1829
540 2604 584 2645 p.
608 2594 691 2633 108
717 2546 793 2634 fr.p
797 2588 846 2642 ζ’.
865 2546 1095 2633 pMueller
1116 2589 1170 2632 fr.
1195 2589 1303 2633 hist.
1329 2605 1395 2647 gr.
1421 2589 1551 2646 IVp.
1579 2595 1636 2633 24
1667 2589 1722 2633 fr
1748 2594 1818 2634 25.

134 2647 261 2701 Quae
277 2647 582 2692 Boissonadio
607 2649 849 2693 oblocutus
874 2650 945 2692 est
959 2648 1288 2705 Bernhardyus
1313 2649 1374 2693 ad
1399 2648 1570 2693 Suidae
1592 2648 1670 2692 1.1.
1696 2650 1820 2693 stare

134 2721 227 2750 non
270 2709 482 2763 possunt.
544 2707 688 2751 Recte
730 2721 836 2752 vero
883 2706 923 2750 is
966 2707 1109 2751 etiam
1151 2721 1272 2763 quae
1315 2707 1442 2764 apud
1481 2707 1673 2751 Suidam
1712 2723 1745 2751 s.
1778 2722 1818 2751 v

130 2762 349 2839 Ἰακωβος
387 2765 607 2822 leguntur
645 2763 780 2817 οὗτος
808 2766 929 2811 πιὼν
962 2765 1210 2823 φάρμακον
1242 2766 1318 2811 ἐπὶ
1353 2766 1614 2819 Οὐάλεντος
1651 2766 1819 2811 ἐτελεύ-

133 2839 286 2880 τησεν,
318 2820 376 2881 ἦν
409 2824 460 2868 δὲ
494 2824 519 2868 6
552 2826 894 2883 συμβουλεύσας
924 2826 1050 2899 αὐτῷ
1080 2833 1205 2870 πιεῖν
1236 2826 1288 2870 τὸ
1322 2825 1571 2883 φάρμακον
1595 2824 1822 2899 Λιβάνιος

140 2881 165 2925 6
199 2884 419 2941 σοφιστὴς
449 2883 530 2928 διὰ
560 2884 614 2928 τὸ
647 2884 927 2941 ἐπιζητῆσαι,
957 2871 1032 2935 τίς
1060 2883 1084 2928 6
1116 2883 1443 2942 διαδεξόμενος
1471 2884 1555 2941 τὴν
1583 2881 1821 2943 βασιλείαν

145 2941 406 2994 Οὐάλεντος
431 2942 498 2986 ad
528 2942 792 2999 Eunapium
827 2942 1022 2988 rettulit
