2026 3168
704 118 929 163 LIBANH
960 118 1302 164 ORATIONES
1700 129 1703 131 ’
1736 121 1842 174 211

275 260 382 308 230
443 256 565 306 κατὰ
603 259 838 323 σιλβανοῦ
879 252 973 326 (=
1012 259 1167 321 Neap.
1207 259 1292 307 fol.
1328 261 1459 308 165ν
1533 253 1631 327 λβ’)

275 334 379 381 233
441 330 563 380 κατὰ
601 332 903 396 φλωρεντίου
977 332 1038 397 λβ
1089 326 1182 399 (=
1216 333 1371 396 Neap.
1404 334 1487 381 fol.
1527 335 1629 381 168
1707 329 1802 401 λγ’)

274 408 376 455 239
418 404 540 472 πρὸς
579 404 663 454 τὸν
702 404 900 470 βασιλέα
939 404 1146 472 εἰσφορὰ
1185 406 1342 470 νόμου
1380 405 1502 455 κατὰ
1540 414 1637 456 τῶν
1667 407 1846 458 εἰσιόν-

161 499 259 530 των
281 479 351 538 εἰς
373 478 459 538 τὰς
482 486 578 528 τῶν
602 477 851 545 ἀρχόντων
873 479 1155 546 καταγωγάς
1188 473 1282 547 (=
1308 481 1464 543 Neap.
1489 482 1573 530 fol.
1596 483 1700 529 173
1763 476 1845 549 λδ)

276 555 380 601 246
422 551 543 602 κατὰ
582 561 679 602 τῶν
710 553 1140 619 προσεδρευόντων
1171 558 1274 613 τοῖς
1304 552 1537 620 ἄρχουσιν
1578 549 1672 622 (=
1697 556 1852 618 Neap.

162 629 246 676 fol.
284 629 413 675 178ν
525 627 667 693 λόγος
705 622 792 694 λε’)

278 703 411 750 250V
450 699 558 766 περὶ
597 708 695 750 τῶν
734 700 1009 767 φαρμάκων
1050 695 1143 768 (--
1183 702 1339 764 Neap.
1380 703 1463 750 fol.
1501 705 1603 752 182
1718 697 1816 770 λς’)

279 777 412 823 252γ
449 773 559 839 περὶ
598 783 694 823 τῶν
734 779 1007 839 συνθηκῶν
1048 771 1141 842 (=
1181 776 1336 838 Neap.
1376 777 1460 824 fol.
1497 778 1628 825 183*
1724 771 1816 844 λζ)

280 850 384 897 256
450 846 570 914 ὑπὲρ
611 849 885 898 θαλασσίου
926 843 1020 916 (=
1059 850 1215 911 Neap.
1255 851 1340 898 fol.
1377 852 1478 899 186
1569 844 1668 917 λη’)

246 923 249 926 ’
278 925 384 971 263
448 921 571 988 ὑπὲρ
604 922 780 972 ἑαυτοῦ
813 921 894 972 διὰ
926 922 1016 986 τὴν
1047 923 1170 989 πρὸς
1193 921 1419 989 ἀντίοχον
1442 924 1745 991 συνηγορίαν
1794 928 1852 989 λη

158 991 255 1064 (=
295 997 451 1060 Neap.
492 998 576 1046 fol.
613 999 714 1046 192
815 991 905 1064 λθ)

276 1072 383 1119 268
425 1070 705 1137 σωκράτους
743 1069 981 1136 ἀπολογία
1020 1065 1115 1138 (=
1154 1071 1312 1134 Neap.
1351 1072 1436 1120 fol.
1473 1073 1604 1120 195v
1680 1066 1768 1139 μ’).

278 1145 374 1192 Hic
420 1146 525 1193 illic
574 1160 749 1192 manus
801 1146 1016 1193 secunda
1066 1147 1330 1194 correctrix
1383 1147 1612 1194 cernitur.
1690 1145 1854 1194 Codex

163 1221 435 1281 usurpatus
484 1221 558 1267 est
604 1235 634 1266 a
671 1218 834 1267 Leone
872 1219 1062 1267 Allatio
1107 1220 1443 1281 lectionesque
1490 1220 1593 1268 eius
1633 1220 1696 1267 ad
1733 1237 1852 1269 non-

161 1294 327 1340 nullas
367 1295 614 1342 orationes
654 1309 834 1354 easque
872 1293 1039 1355 plures
1074 1309 1222 1355 quam
1256 1309 1382 1355 quae
1416 1293 1477 1341 ab
1510 1296 1619 1356 ipso
1650 1294 1703 1341 in
1733 1296 1852 1343 nota

157 1367 266 1415 folii
301 1367 359 1414 5*
404 1369 717 1415 enumeratae
765 1370 902 1428 sunt,
950 1368 1002 1414 in
1041 1367 1264 1430 margine
1312 1368 1494 1416 codicis
1534 1368 1797 1416 Barberini
1807 1362 1848 1435 1)

156 1440 415 1503 repositae.
492 1441 600 1504 Ego
649 1441 864 1489 codicem
908 1442 1049 1490 annis
1092 1436 1322 1505 1868s69
1372 1442 1653 1491 examinavi
1701 1445 1848 1504 atque

157 1531 182 1562 e
220 1517 362 1577 parte
401 1516 603 1563 contuli.

271 1590 352 1637 13.
392 1589 835 1651 Neapolitanus
867 1588 919 1636 H
949 1589 990 1636 E
1028 1590 1093 1637 17
1137 1582 1279 1655 (olim
1317 1589 1395 1637 ΠΙ
1424 1589 1469 1636 D
1507 1591 1591 1651 14,
1635 1588 1766 1637 GLH
1794 1590 1848 1636 in
1880 1600 1938 1642 17

158 1663 384 1727 catalogo
425 1662 622 1724 cyrilli,
666 1662 926 1710 LXXVIII
970 1663 1023 1709 in
1068 1663 1229 1711 indice
1268 1663 1496 1711 Baffiano
1509 1657 1593 1730 2)),
1645 1663 1848 1726 bomby-

159 1737 296 1784 cinus
348 1737 536 1784 formae
591 1739 799 1799 quartae
845 1738 1039 1784 saeculo
1087 1737 1205 1784 XIV
1253 1737 1445 1785 duabus
1491 1737 1720 1785 manibus
1766 1737 1846 1786 de-

158 1811 368 1873 scriptus
408 1827 467 1858 ex
504 1811 676 1859 eodem
714 1811 982 1873 exemplari
1022 1827 1119 1873 quo
1157 1811 1431 1859 Vaticanus
1472 1828 1542 1875 gr.
1577 1812 1661 1871 81,
1701 1827 1847 1874 quem

156 1884 301 1932 modo
359 1886 703 1933 recensuimus.
781 1883 1023 1941 Quoniam
1080 1900 1313 1934 numeros
1374 1886 1608 1933 foliorum
1666 1885 1845 1946 quibus

157 1959 382 2022 singulae
421 1960 668 2006 orationes
706 1958 966 2020 incipiunt,
1004 1959 1105 2005 iam
1136 1959 1187 2005 in
1219 1959 1307 2006 illo
1341 1960 1488 2007 simul
1521 1960 1846 2020 enotavimus,

156 2048 285 2080 nunc
325 2048 383 2079 ea
419 2033 616 2079 tantum
654 2033 708 2079 in
746 2032 923 2094 quibus
962 2032 1024 2079 ab
1063 2033 1150 2080 illo
1186 2032 1407 2093 discedit,
1447 2048 1687 2094 exponere
1722 2048 1846 2094 opus

157 2108 244 2154 est.
312 2105 464 2153 Initio
503 2121 707 2154 mancus
747 2108 797 2153 et
835 2106 888 2153 in
928 2108 1178 2167 superiore
1217 2109 1358 2168 parte
1397 2107 1630 2155 foliorum
1666 2109 1692 2154 1
1730 2109 1780 2154 et
1812 2107 1842 2153 2

156 2180 363 2227 mutilus
403 2182 489 2228 est.
566 2180 764 2227 Folium
804 2181 934 2226 enim
976 2182 1027 2227 1ῙΓ
1065 2182 1117 2227 in
1155 2180 1317 2228 medio
1355 2174 1634 2247 Ἀντιοχικῷ
1667 2180 1845 2242 incipit

154 2253 316 2301 verbis
355 2251 412 2301 τὰ
452 2253 593 2316 μείζω
633 2252 787 2312 οὕτως
827 2251 922 2301 ἀπὸ
962 2260 1048 2317 τῆς
1089 2247 1234 2320 (349,
1274 2256 1338 2302 16
1358 2247 1441 2321 R),
1480 2254 1663 2302 desinit
1700 2269 1843 2302 voca-

156 2327 272 2375 bulo
311 2326 510 2376 στάδιον
551 2328 671 2388 351,
705 2328 760 2388 8;
798 2326 881 2375 fol.
919 2330 972 2374 1v
1013 2344 1143 2375 nunc
1183 2328 1362 2391 incipit
1400 2343 1517 2376 voce
1557 2326 1843 2391 μετειληφό-

155 2419 251 2449 των
291 2402 420 2463 352,
453 2402 508 2463 4,
555 2401 736 2448 desinit
774 2401 976 2449 vocibus
1016 2401 1294 2465 φερόμενον
1333 2399 1426 2450 οὐκ
1463 2398 1526 2450 ἂν
1571 2395 1720 2467 (353,
1762 2394 1843 2467 6);

155 2475 238 2522 fol.
266 2476 294 2522 2
329 2476 506 2537 incipit
535 2474 738 2523 vocibus
768 2471 1032 2539 χαρί]εντα,
1070 2482 1134 2522 τῶ
1173 2475 1333 2524 κάλλει
1372 2469 1520 2542 (354,
1554 2471 1634 2541 3);
1671 2476 1756 2523 fol.
1783 2472 1847 2523 3v

156 2549 338 2597 desinit
374 2564 492 2597 voce
538 2547 900 2613 κεκρατήκαμεν
941 2550 1068 2609 365,
1111 2551 1164 2607 2,
1216 2550 1300 2596 fol.
1343 2543 1428 2614 53)
1474 2549 1651 2611 incipit
1696 2564 1840 2597 voca-

155 2621 284 2669 bulis
323 2638 450 2684 quae
485 2623 613 2670 hanc
644 2625 916 2684 sequuntur
947 2622 1054 2669 τίνα
1086 2621 1163 2685 δὴ.
1226 2623 1421 2671 Desinit
1460 2624 1619 2670 oratio
1650 2623 1839 2670 ultimis

156 2695 407 2744 vocabulis
439 2692 554 2745 οὐδὲ
585 2689 654 2754 εἷς
688 2694 900 2754 ἐξισώσει
935 2689 1082 2762 (365,
1110 2690 1203 2762 21)
1236 2699 1287 2744 in
1318 2697 1438 2745 folio
1473 2698 1537 2745 5¹.
1601 2695 1841 2758 Succedit,

275 2823 317 2878 1)
349 2819 414 2865 Cf.
446 2836 491 2878 p.
519 2825 588 2865 33.

275 2881 318 2936 2)
350 2880 794 2934 Fabricius-Harles,
827 2880 948 2923 Bibl.
981 2895 1047 2938 gr.
1073 2880 1115 2922 V
1149 2885 1232 2923 779

275 2941 320 2995 3)
350 2938 532 2982 Folium
564 2945 591 2982 4
625 2939 920 2983 chartaceum
954 2952 1145 2983 vacuum
1181 2941 1263 2983 est.
1507 2997 1595 3041 14*
