2026 3168
687 140 916 184 LIBANH
945 139 1287 185 ORATIONES
1723 142 1824 194 161

146 275 265 330 ἀλλ’
306 277 390 330 ὅτι
420 283 516 344 τῆς
545 276 763 346 πρώτης
792 278 982 346 πείρας
1014 276 1269 347 ἁμαρτὼν
1299 276 1328 330 ὁ
1365 278 1629 347 Φιδήλιος
1659 278 1828 348 προῦ-

146 368 339 433 βαινεν
377 363 447 417 ἂν
478 364 872 434 ἐπιβουλεύων,
902 364 1004 428 ἕως
1036 368 1203 436 ἔργου
1233 367 1402 435 τύχοι.
1465 366 1584 419 166.
1623 365 1826 436 ὑπῆρξε

147 453 212 507 δέ
246 473 337 520 μοι
375 451 466 506 καὶ
506 452 846 520 ἀμείψασθαι
883 454 982 506 τὸν
1017 454 1118 523 οὐχ
1149 454 1470 523 ὑπαχθέντα
1501 456 1825 524 ἄνθρωπον·

145 543 293 611 παρὰ
330 539 431 609 μὲν
468 543 572 611 γὰρ
611 549 711 594 τοῦ
750 550 1085 612 κρατοῦντος
1114 540 1184 611 ἦν
1224 543 1370 615 αὐτῷ
1395 544 1456 596 τὸ
1497 542 1558 596 ἐν
1595 543 1827 606 ὑπάτοις

145 627 305 697 εἶναι,
351 629 479 700 παρ’
532 628 666 697 ἐμοῦ
713 628 774 683 δὲ
810 629 1106 702 Ἀρχέλαος.
1181 632 1272 684 καὶ
1319 630 1593 700 ἐτιμώμην
1640 633 1827 695 ἄλλοις
1872 653 1892 686 5

142 738 202 771 τε
237 719 338 772 οὐκ
369 719 576 787 ὀλίγοις
606 720 695 772 καὶ
731 717 737 790 Ι
774 720 840 788 δὴ
871 719 960 772 καὶ
993 718 1146 792 ᾠήθη
1179 721 1301 773 δεῖν
1331 718 1517 773 ἐλθὼν
1549 721 1621 783 ὡς
1651 717 1742 788 ἐμὲ
1766 734 1807 776 R
1830 737 1915 776 110

142 816 463 878 προσειπεῖν
500 809 677 878 πατὴρ
718 810 1003 876 γινόμενος
1041 816 1136 877 τῆς
1177 817 1351 877 τιμῆς,
1398 809 1465 861 οὐ
1507 810 1611 879 γὰρ
1651 806 1722 878 ἦν
1760 810 1827 863 ὃν

143 894 402 965 ἐμιμεῖτο,
442 895 559 949 ἀλλ’
606 895 711 964 ἐγὼ
750 904 914 949 τοῦτο
957 898 1360 964 αἰσθανόμενος
1407 898 1629 966 φθάσας
1679 898 1826 967 ἐδεή-

142 990 258 1053 θην
311 984 374 1038 ἔν
425 1005 495 1054 τι,
550 985 886 1054 προελέσθαι
939 994 1122 1052 μεῖναι
1175 987 1274 1039 τὸν
1319 986 1568 1056 γέροντα,
1610 983 1715 1039 ιτὸν
1764 984 1826 1040 δὲ

143 1076 245 1145 χρὴ
285 1077 526 1141 νομίζειν
565 1074 815 1143 ἀφῖχθαι.
882 1074 1000 1126 167.
1034 1075 1354 1143 Προτάσιον
1384 1074 1689 1145 ἐνέπλησαν
1725 1072 1827 1142 μὲν
1851 1097 1894 1129 10

142 1172 254 1216 τῶν
305 1161 420 1215 κατ’
481 1161 614 1229 ἐμοῦ
669 1165 849 1231 λόγων
903 1164 1100 1233 ἄνδρες
1153 1162 1215 1216 ἐν
1268 1163 1457 1217 οὐδενὶ
1519 1161 1620 1231 μὲν
1682 1167 1826 1235 λόγῳ

143 1253 413 1322 πρότερον
452 1253 622 1319 ὄντες,
662 1252 990 1320 κτησάμενοι
1024 1248 1084 1305 δὲ
1118 1253 1279 1321 ἰσχὺν
1310 1251 1371 1305 ἐκ
1401 1260 1496 1321 τῆς
1514 1252 1824 1306 Ἰουλιανοῦ

143 1347 372 1410 σφαγῆς.
449 1337 603 1393 οὗτοι
649 1348 848 1393 τοῦτον
897 1339 1158 1409 ἐφόβουν,
1206 1341 1278 1403 ὡς
1325 1346 1576 1410 αἴσχιστα
1622 1341 1692 1394 ἂν
1732 1343 1826 1410 ἄρ-

142 1427 302 1496 ξειεν,
327 1430 374 1481 εἰ
398 1429 469 1497 μὴ
496 1428 796 1482 ἀπελαύνοι
819 1449 885 1495 με
908 1438 1019 1482 τῶν
1045 1434 1261 1498 θυρῶν,
1285 1428 1376 1482 καὶ
1407 1429 1742 1499 παρέζευξαν
1773 1431 1826 1483 οἱ
1851 1453 1894 1484 14

141 1526 254 1569 τῶν
286 1515 345 1570 ἐκ
379 1519 386 1585 Ι
418 1525 515 1586 τῆς
554 1520 859 1588 συμμορίας
895 1518 1171 1570 κοινωνὸν
1201 1526 1296 1586 τῆς
1328 1521 1552 1588 πορείας
1582 1522 1744 1588 τηρή-
1767 1531 1809 1574 R
1831 1537 1915 1576 111

144 1620 315 1660 σοντα
352 1604 414 1659 έν
448 1604 638 1679 ἐκείνῳ
670 1607 767 1660 τὸν
805 1608 999 1676 φόβον.
1061 1605 1148 1677 ᾔει
1185 1603 1288 1673 μὲν
1326 1602 1432 1660 οὖν
1469 1607 1543 1670 ὡς
1580 1609 1828 1676 ποιήσων

141 1715 207 1762 με
246 1697 462 1766 μικρόν,
503 1697 647 1767 νόσῳ
688 1692 748 1748 δὲ
783 1697 1095 1762 πιεζόμενος
1134 1694 1382 1763 ἐβάδιζεν
1421 1695 1722 1764 αὐξομένης
1759 1703 1826 1766 τῇ

143 1785 339 1853 πορείᾳ
390 1792 484 1853 τῆς
538 1786 724 1837 νόσου.
801 1783 892 1836 καὶ
944 1779 1045 1852 ἧκέ
1102 1803 1163 1851 γε
1219 1786 1297 1846 εἰς
1349 1785 1450 1852 τὴν
1503 1785 1827 1853 καταγωγὴν

143 1875 342 1934 νυκτὸς
388 1872 618 1935 οὐδενὸς
663 1883 775 1926 τῶν
822 1871 883 1925 ἐν
927 1879 1003 1944 τῷ
1043 1874 1192 1944 νόμῳ
1238 1873 1445 1940 τυχών,
1492 1873 1559 1925 οὐ
1598 1874 1702 1943 γὰρ
1742 1878 1827 1926 εἶα

143 1961 205 2013 τὸ
261 1969 461 2014 νοσεῖν.
542 1961 661 2014 168.
716 1962 789 2023 ὡς
839 1958 900 2013 δὲ
949 1965 1171 2013 πολλῶν
1224 1963 1423 2013 ἰόντων
1470 1961 1616 2033 αὐτῷ
1657 1963 1827 2027 μόνος
1849 1985 1894 2018 20

143 2049 508 2117 ἀπελιπόμην,
556 2049 700 2116 λέγει
742 2046 850 2118 [δὲ]
898 2050 1034 2119 πρὸς
1073 2050 1172 2102 τὸν
1215 2050 1469 2117 Ζήνωνα,
1518 2043 1561 2121 ᾧ
1594 2050 1828 2116 μάλιστα

262 2244 287 2283 5
319 2240 340 2283 I
374 2243 456 2282 175
490 2243 515 2281 2
539 2239 582 2281 R
703 2243 756 2281 13
789 2238 917 2282 Dem.
953 2239 1011 2282 de
1043 2252 1204 2294 symm.
1240 2243 1264 2292 ξ
1297 2243 1352 2282 25
1385 2253 1429 2294 p.
1459 2242 1558 2293 185,
1590 2242 1616 2282 5

263 2421 286 2459 1
324 2422 435 2470 „aut
465 2417 549 2473 οὐχ
581 2415 797 2472 ἁμαρτὼν
829 2416 907 2473 ley.
941 2421 1023 2460 aut
1054 2416 1109 2459 οὐ
1140 2415 1455 2474 προῦβαινεν(
1494 2415 1562 2459 Re
1593 2415 1735 2459 Anim
1842 2469 1846 2472 ᾖ

143 2480 170 2519 2
201 2475 313 2532 τύχη
346 2477 390 2520 L
510 2480 535 2518 3
569 2474 628 2530 δή
662 2475 700 2519 C
815 2480 841 2517 4
875 2475 999 2534 αὐτῷ
1030 2475 1194 2531 scripsi
1226 2489 1331 2518 cum
1361 2475 1548 2519 Valesio
1582 2475 1643 2517 ad
1672 2474 1820 2518 Amm.

141 2534 291 2578 XXVI
322 2539 361 2587 8,
386 2539 414 2577 4
452 2550 495 2590 p.
525 2538 611 2577 465
644 2534 725 2590 qui
755 2533 1017 2577 Parisinum
1049 2535 1130 2591 (gr.
1166 2536 1299 2591 3016)
1330 2535 1514 2578 secut-us
1547 2535 1637 2587 est,
1671 2536 1719 2578 et
1756 2535 1824 2578 Re

142 2593 281 2636 Anim
343 2594 502 2644 αὐτοῖς
531 2593 700 2648 reliqui
724 2593 833 2635 libri
865 2593 956 2635 edd
1077 2597 1102 2636 5
1133 2595 1240 2649 post
1270 2592 1322 2638 δὲ
1345 2593 1514 2636 lacuna
1538 2598 1565 2635 4
1589 2593 1661 2636 vel
1686 2598 1712 2636 5
1744 2593 1823 2637 lit-

143 2654 346 2695 terarum
377 2653 426 2695 in
444 2654 493 2705 V,
529 2657 582 2695 12
615 2652 711 2695 fere
742 2652 791 2694 in
823 2653 879 2705 L,
911 2652 1025 2695 item
1055 2651 1105 2694 in
1134 2652 1245 2707 Par,
1286 2666 1426 2708 quam
1458 2651 1635 2695 Sievers
1665 2667 1710 2708 p.
1740 2656 1823 2695 145

146 2711 369 2767 agnoscit,
402 2711 598 2755 fortasse
628 2713 752 2755 recte
881 2715 905 2754 6
947 2711 1023 2768 ὡς]
1056 2711 1174 2766 πρὸς
1198 2713 1241 2755 V
1368 2716 1391 2754 ‘1
1431 2709 1702 2768 γιγνόμενος
1742 2712 1822 2755 VL

144 2770 255 2812 Ferr
388 2775 414 2814 8
445 2777 611 2814 τοῦτον
642 2771 686 2814 L
817 2775 842 2812 9
873 2768 1182 2824 προσελέσθαι
1212 2771 1388 2815 ACPB
1418 2770 1528 2813 Ferr
1559 2772 1607 2813 et
1637 2787 1691 2827 γρ
1723 2770 1824 2813 Mor

146 2828 193 2870 in
218 2842 351 2885 marg
412 2828 671 2885 ,,προέσθαι
703 2834 786 2872 aut
809 2827 1134 2884 npoarffe'aeoeu‘
1167 2829 1234 2872 Re
1262 2829 1402 2871 Anim
1428 2829 1434 2887 Ι
1464 2830 1646 2882 „malim
1680 2829 1824 2872 αὐτὸν

145 2887 227 2930 ὃὲ“
259 2887 326 2930 Re
429 2892 483 2930 10
515 2886 790 2942 Πρωτάσιον
816 2889 859 2931 V
882 2888 983 2930 Mor
1085 2892 1138 2930 21
1174 2887 1486 2944 ἀπελειπόμην
1511 2889 1553 2931 L
1581 2890 1586 2942 Ι
1615 2888 1665 2932 δὲ
1698 2887 1827 2943 quod

147 2947 217 2988 est
247 2946 295 2988 in
319 2947 492 2991 ACPB
524 2947 614 2989 edd
644 2947 775 2989 uncis
806 2947 975 2990 inclusi
1008 2948 1196 2990 auctore
1226 2947 1294 2989 Re

235 3027 431 3060 mems
456 3029 513 3060 ed.
536 3029 774 3060 Foernter.
1503 3024 1555 3062 11
