2026 3168
699 145 927 189 LIBANII
957 144 1298 189 ORATIONES
1737 144 1840 198 139

154 282 345 335 δεινόν
382 274 440 334 τε
477 282 569 334 καὶ
608 281 807 351 ἄγριον
847 277 977 349 ἦγεν
1016 280 1048 348 ἡ
1089 283 1260 350 φήμη,
1303 282 1411 349 καί,
1457 276 1528 349 ἦν
1565 282 1669 351 γὰρ
1709 281 1842 349 ἡμῖν

155 370 360 439 ἀγνώς,
417 370 652 423 ἐδόκουν
707 365 860 438 [οὖν]
915 368 1110 423 οὐκέθ’
1164 368 1198 422 ἃ
1250 371 1523 439 πρότερον
1579 370 1839 439 ἰσχύσειν.

150 455 221 527 ἦν
268 459 330 512 δὲ
375 460 482 529 ἄρα
529 458 558 512 ὁ
597 456 927 527 Ἑρμογένης
973 457 1254 527 βέλτιστος
1301 457 1586 527 ἀρχόντων
1632 457 1724 511 καὶ
1771 459 1837 511 οὐ

150 550 377 609 πολλοῖς
414 544 518 615 μὲν
558 546 772 615 ὁμιλεῖν
811 547 996 616 ἀξιῶν,
1031 553 1208 617 πρᾷος
1239 546 1301 599 δὲ
1331 545 1422 599 καὶ
1454 548 1596 618 λόγῳ
1628 550 1840 616 μᾶλλον

149 635 183 704 ἢ
223 640 388 708 θυμῷ
423 636 713 706 χρώμενος.
795 635 914 688 116.
963 631 1127 698 οὗτος
1167 635 1342 698 εὐθὺς
1380 632 1482 704 μὲν
1522 634 1839 698 εἰσκαλέσας

149 725 251 793 τὴν
288 725 502 793 βουλὴν
540 725 810 777 εἰπόντων
849 724 950 793 ὅ,τι
991 723 1122 796 ᾤετο
1162 732 1226 794 τῇ
1265 725 1423 777 πόλει
1463 726 1842 793 λυσιτελήσειν

152 811 411 881 ἑκάστου,
473 814 570 866 τὸν
623 819 787 866 θεῖον
841 814 940 867 τὸν
993 812 1126 882 ἐμὸν
1187 812 1292 866 ἀπὸ
1355 821 1468 866 τῶν
1529 811 1842 881 λεγομένων

151 902 332 972 εὑρὼν
379 897 575 965 οὗτος
622 901 897 971 ἐκεῖνος,
942 903 1067 971 ἔφη,
1119 902 1527 970 Φασγάνιος,
1568 902 1705 954 ὥστε
1743 902 1842 954 τὸν

149 991 449 1058 Εὔβουλόν
494 1011 552 1043 τε
599 989 690 1043 καὶ
737 992 838 1059 τὴν
886 990 1100 1044 ἐκείνου
1148 999 1352 1059 μοῖραν
1397 998 1599 1060 μικροῦ
1637 998 1841 1042 πεσεῖν.

1887 1010 1907 1042 9

150 1081 333 1132 ἔπειτα
357 1077 450 1148 ἐμὲ
474 1079 706 1142 καλέσας
730 1081 899 1148 φίλον
923 1078 1098 1132 ἐδεῖτό
1123 1080 1176 1132 οἱ
1200 1077 1464 1147 γενέσθαι
1484 1077 1490 1149 Ι
1510 1085 1783 1147 τοιοῦτον,
1808 1091 1850 1134 R
1871 1095 1928 1135 80

153 1168 292 1220 ὥστε
338 1165 515 1237 μηδὲν
562 1163 703 1221 εἶναι,
750 1167 922 1222 πλέον
967 1169 1135 1238 ταύτῃ
1173 1166 1552 1239 Ἀρισταινέτῳ
1600 1168 1691 1220 καὶ
1736 1171 1841 1220 Σε-

150 1258 345 1328 λεύκῳ,
384 1255 509 1326 παρ’
559 1252 638 1310 ὧν
677 1258 745 1325 δὴ
784 1255 875 1309 καὶ
916 1258 994 1319 εἰς
1032 1256 1339 1325 ἐπιθυμίαν
1373 1261 1703 1325 κεκινῆσθαι
1741 1263 1840 1309 τοῦ

148 1347 431 1414 κτήματος.
509 1345 669 1398 ἀλλὰ
723 1347 986 1398 δίκαιον
1039 1344 1290 1414 μέντοι,
1345 1347 1504 1413 ἔφην,
1567 1346 1681 1398 τὸν
1735 1365 1841 1413 φι-

149 1437 393 1487 λοῦντα
432 1433 657 1487 ἐκείνω
697 1432 804 1486 καὶ
843 1433 943 1487 ὑπ’
991 1433 1150 1502 ἐμοῦ
1192 1437 1558 1502 φιλεῖσθαι.

265 1522 385 1574 117.
435 1523 602 1575 Ταυτὶ
641 1519 743 1592 μὲν
781 1523 1076 1591 εὐπότμου,
1118 1523 1429 1591 δυστυχοῦς
1469 1519 1530 1574 δὲ
1568 1523 1635 1575 τὰ
1667 1522 1841 1591 ῥηθη-

151 1612 370 1680 σόμενα.
447 1612 548 1680 τὴν
587 1611 692 1680 γὰρ
734 1612 802 1680 δὴ
841 1609 999 1663 πάντ’
1048 1610 1168 1680 ἐμοὶ
1219 1610 1424 1681 μητέρα
1469 1609 1560 1663 καὶ
1606 1611 1706 1663 τὸν
1744 1618 1840 1679 τῆς

149 1697 251 1768 μὲν
278 1697 457 1762 Ἀσίας
496 1699 811 1769 ὀφθαλμόν,
853 1699 972 1769 ἐμοὶ
1013 1700 1074 1753 δὲ
1113 1698 1237 1752 ἀντὶ
1276 1701 1513 1770 πύργου,
1547 1699 1646 1752 τὸν
1675 1704 1840 1752 θεῖον

149 1788 393 1857 ἥρπασεν
436 1788 469 1856 ἡ
518 1789 689 1858 Τύχη,
728 1790 827 1841 τὸν
872 1785 975 1857 μὲν
1019 1791 1317 1859 πρότερον,
1363 1788 1396 1857 ἡ
1438 1785 1499 1841 δὲ
1547 1787 1649 1841 οὐκ
1688 1787 1839 1856 ἐνεγ-

150 1883 326 1929 κοῦσα
372 1875 797 1944 ἐπαποθνήσκει.
874 1876 965 1929 καὶ
1013 1874 1182 1930 οὐδὲν
1226 1875 1306 1929 ἔτι
1357 1896 1450 1945 μοι
1501 1886 1613 1929 τῶν
1658 1876 1838 1945 ἡδέων

151 1964 258 2033 ἡδὺ
308 1963 428 2018 οὐδ’
476 1965 609 2018 αὐτό
656 1985 718 2033 γε
764 1966 824 2018 τὸ
871 1966 1096 2018 πάντων
1141 1966 1388 2034 ἥδιστον,
1436 1966 1492 2018 αἱ
1533 1964 1841 2029 ἐπιδείξεις·

150 2052 241 2106 καὶ
280 2055 383 2124 γὰρ
424 2052 516 2106 καὶ
555 2054 688 2106 αὐτὸ
728 2061 891 2106 τοῦτο
932 2054 1162 2122 ἥδιστον
1200 2051 1291 2106 ὑπ’
1333 2053 1572 2107 ἐκείνοιν
1611 2053 1841 2122 ἐγίνετο,

151 2149 251 2195 τοῦ
298 2142 400 2210 μὲν
446 2135 569 2194 οἷον
615 2141 934 2210 ἀνηβῶντός
979 2162 1035 2194 τε
1084 2142 1143 2195 ἐν
1189 2150 1305 2205 τοῖς
1351 2144 1570 2213 κρότοις
1617 2143 1707 2195 καὶ
1746 2150 1842 2211 τῆς

152 2230 326 2283 αὑτοῦ
357 2235 568 2299 πληγῆς
599 2229 1133 2299 ἐπιλανθανομένου,
1161 2239 1256 2299 τῆς
1289 2231 1350 2285 δὲ
1380 2231 1840 2302 ὑπερχαιρούσης,

271 2365 296 2404 3
328 2361 478 2404 Amm.
512 2361 616 2404 XIX
650 2366 718 2416 12,
753 2366 777 2404 6
902 2365 954 2405 17
988 2374 1059 2417 ep.
1093 2365 1178 2404 286

272 2484 297 2522 2
331 2477 415 2523 οὖν
441 2479 694 2524 cancellavi
720 2481 907 2523 auctore
931 2479 998 2522 Re
1026 2479 1032 2536 Ι
1061 2479 1146 2523 οὐκ
1171 2477 1246 2523 ἔθ’
1264 2479 1405 2534 ΑΟΡ,
1439 2479 1521 2523 sed
1544 2480 1595 2523 in
1618 2479 1706 2523 hoc
1731 2479 1853 2536 spir:

153 2552 294 2595 supra.
325 2555 346 2582 ε
378 2552 478 2583 eras
630 2543 655 2581 6
689 2536 915 2583 εἰπόντων
946 2554 994 2582 τε
1017 2539 1060 2581 V
1144 2537 1356 2589 εἰπόντος
1395 2538 1539 2584 Cobet
1577 2539 1744 2582 Mnem.
1778 2538 1842 2582 111

155 2602 237 2640 249
268 2598 273 2655 Ι
310 2594 379 2641 ὅτι
402 2599 447 2641 Β
475 2598 482 2657 Ι
508 2605 563 2656 τῇ
595 2596 726 2643 πόλει
757 2612 833 2641 om
864 2599 907 2642 L
1015 2602 1039 2640 7
1073 2596 1248 2641 ἑκάστω
1281 2599 1324 2642 L
1433 2602 1487 2640 10
1521 2597 1566 2642 οἱ
1597 2596 1838 2655 γενέσθαι]

153 2654 373 2712 γενέσθαι
405 2656 450 2701 οἱ
480 2658 574 2702 AB
698 2662 750 2700 11
782 2657 926 2715 ταύτῃ
951 2654 1092 2700 πλέον
1111 2658 1193 2701 VL
1315 2661 1369 2700 13
1402 2655 1486 2713 μέν
1516 2673 1562 2700 τι
1591 2657 1636 2700 L
1677 2657 1684 2715 Ι
1734 2674 1761 2701 ν
1791 2656 1841 2700 in

156 2714 274 2770 ἔφην
306 2715 355 2758 in
385 2729 461 2759 ras
492 2715 557 2760 Ρ2
585 2716 590 2774 Ι
617 2716 700 2760 τὸν
731 2716 842 2759 Ferr
872 2715 921 2758 in
952 2729 1087 2772 marg
1110 2715 1212 2759 Mor
1234 2716 1302 2759 Re
1334 2730 1410 2759 om
1433 2715 1542 2759 libri
1638 2721 1692 2759 14
1726 2715 1840 2760 ἐκεῖ·

155 2789 239 2817 νον
267 2775 309 2817 V
438 2779 490 2819 17
526 2772 804 2832 Ἀντιοχείας
833 2775 906 2818 vel
937 2773 1190 2829 πατρίδος’.>
1324 2779 1378 2819 18
1410 2773 1438 2831 ἡ
1470 2773 1616 2831 μήτηρ
1649 2774 1699 2820 δὲ
1731 2774 1842 2818 Fen·

155 2832 204 2874 in
234 2846 368 2890 marg
397 2833 499 2877 Mor
603 2839 659 2878 20
693 2831 752 2878 αὖ
783 2832 835 2878 τό
860 2834 1001 2879 PBV
1029 2834 1141 2877 Fen·
1167 2835 1173 2890 Ι
1200 2834 1270 2892 γε]
1302 2849 1350 2877 τε
1382 2835 1427 2878 Β
1462 2834 1467 2892 Ι
1509 2833 1560 2877 τὸ
1594 2847 1669 2877 om
1699 2834 1848 2878 ARV

154 2891 266 2934 Ferr
356 2897 409 2935 21
442 2892 523 2936 καὶ
554 2892 753 2936 alterum
786 2907 862 2936 om
880 2894 962 2937 VL
989 2893 995 2950 Ι
1023 2890 1205 2938 ἐκείνου
1236 2890 1440 2949 ἐγίγνετο
1472 2894 1516 2937 L
1608 2897 1663 2936 23
1697 2893 1840 2936 αὑτοῦ

154 2950 223 2994 Re
292 2951 436 2995 αὐτοῦ
468 2951 578 2995 libri
609 2952 720 2996 Fert
749 2952 852 2995 Mor

1866 1543 1907 1576 15

1866 1987 1909 2019 20
