2026 3168
700 138 927 183 LIBANII
959 137 1302 183 ORATIONES
1744 139 1846 192 137

165 275 386 344 ἀφελών
423 294 475 327 τι
514 282 610 343 τῆς
647 274 946 344 ῥᾳθυμίας,
998 274 1064 327 οὐ
1110 275 1221 343 μὴν
1266 272 1355 342 ἐφ’
1402 274 1534 327 ὅσον
1581 294 1643 342 γε
1682 273 1850 343 ἄξιον,

162 361 309 433 ἦρτο.
373 364 493 416 111.
526 363 616 416 καὶ
648 364 717 431 δή
751 383 804 415 τι
835 364 925 416 καὶ
955 370 1213 416 τοιοῦτον
1245 365 1476 429 γίνεται·
1518 362 1546 416 ὁ
1577 363 1848 432 ὕπαρχοςΙ

163 461 264 506 τοῦ
302 451 649 505 ἐπαινεῖσθαι
690 451 980 520 ἐπιθυμῶν
1017 455 1228 519 μᾶλλον
1267 452 1300 520 ἢ
1339 450 1522 521 ἕτερος
1558 460 1660 504 τοῦ
1696 453 1789 521 ἄρ-
1821 465 1863 507 R
1886 468 1938 506 77

164 560 283 610 χειν
314 540 468 611 χρέος
500 540 568 609 μέ
596 560 647 593 τι
680 548 938 594 τοιοῦτον
969 538 1335 608 εἰσέπραττεν,
1375 541 1449 603 ὡς
1479 539 1549 592 ἂν
1581 543 1722 609 ἔχων
1751 541 1852 608 τὴν

165 629 362 698 ἀρχήν,
414 625 478 698 ἧς
532 627 797 698 ἐπιβάντα
851 629 1021 682 αὐτὸν
1075 629 1393 698 ὑπεσχήμην
1449 627 1852 682 ἐπαινέσεσθαι.
1899 650 1919 682 5

162 720 489 788 προσείρητο
529 715 631 787 μὲν
662 714 767 771 οὖν
795 738 888 785 μοι
919 715 1011 770 καὶ
1043 715 1239 786 φανεὶς
1272 718 1446 780 εὐθὺς
1479 716 1539 770 έν
1570 716 1852 788 βραχέσιν,

163 807 192 860 ὁ
240 807 301 859 δὲ
347 807 485 860 αὐτά
530 826 588 860 τε
635 806 816 859 ἐκεῖνα
862 807 1266 876 διεργασθῆναι
1312 805 1403 859 καὶ
1448 816 1560 859 τῶν
1612 805 1853 859 ἐνόντων

162 896 408 966 ῥηθῆναι
457 901 807 965 σιωπηθῆναι
861 895 1034 964 μηδὲν
1087 895 1361 963 ἐβούλετο.
1448 896 1568 948 112.
1632 895 1736 964 ἐγὼ
1792 896 1854 948 δὲ

165 986 237 1048 ὡς
275 982 378 1052 μὲν
417 984 517 1054 οὐχ
555 986 891 1053 ὑπεσχήμην,
925 984 1028 1036 οὐκ
1059 982 1421 1053 ἐξηρνούμην,
1453 986 1597 1053 ἔφην
1628 981 1689 1038 δὲ
1722 984 1854 1038 ἀπο-

163 1075 381 1141 δώσειν,
430 1078 484 1126 εἴ
523 1094 631 1142 μου
679 1078 909 1126 οἴκοθεν
956 1070 1200 1135 ἐξελθὼν
1247 1073 1308 1125 ἐν
1352 1079 1427 1144 τῷ
1475 1075 1850 1145 βουλευτηρίῳ
1877 1094 1921 1127 10

165 1162 378 1232 δέχοιτο
426 1163 525 1215 τὸν
570 1164 765 1215 πόνον·
805 1162 1002 1214 καινὸν
1045 1157 1148 1228 μὲν
1194 1161 1298 1232 γάρ
1349 1181 1403 1214 τι
1448 1162 1701 1230 ποιήσειν
1754 1162 1853 1215 τὸν

163 1252 436 1321 ὕπαρχον,
483 1254 708 1304 ἔσεσθαι
758 1250 818 1303 δὲ
863 1251 956 1303 καὶ
1001 1257 1166 1303 τοῦτο
1214 1258 1314 1302 τοῦ
1363 1252 1532 1317 λόγου
1580 1250 1744 1319 μέρος
1789 1251 1852 1303 τὸ

163 1350 385 1410 πρῶτον
423 1335 529 1393 ὧδε
574 1339 917 1408 τετιμηκέναι
963 1341 1095 1402 τοὺς
1140 1341 1356 1407 λόγους.
1433 1341 1539 1408 ἔφη
1583 1341 1852 1408 τιμήσειν,

164 1430 215 1482 οἱ
247 1429 441 1482 πολλοὶ
466 1429 528 1482 δὲ
558 1429 850 1497 ἠπίστουν·
875 1428 904 1481 ὁ
930 1428 993 1480 δὲ
1023 1426 1113 1480 καὶ
1147 1428 1215 1496 δὴ
1246 1435 1446 1497 παρῆν,
1482 1426 1487 1498 Ι
1525 1427 1792 1496 δεομένου
1823 1440 1865 1482 R
1888 1443 1942 1483 78

164 1514 225 1570 δὲ
278 1525 376 1571 τοῦ
427 1519 636 1587 μήκους
686 1513 854 1579 αὖθις
904 1517 1076 1570 αὐτὸν
1124 1524 1382 1586 παρεῖναι
1430 1516 1602 1569 πάλιν
1651 1524 1850 1586 παρῆν,
1877 1537 1920 1570 15
1964 1511 1969 1514 ⁵

164 1605 431 1676 δεομένου
472 1603 533 1659 δὲ
571 1606 662 1659 καὶ
699 1607 818 1676 τρὶς
857 1602 989 1658 οὐδὲ
1027 1607 1149 1658 τότε
1189 1605 1349 1673 ἀπῆν.
1419 1603 1510 1658 καὶ
1549 1612 1657 1658 νῦν
1686 1612 1852 1659 τοῦτο

164 1693 351 1765 ᾅδεται
397 1696 543 1763 παρὰ
588 1695 837 1763 πάντων,
892 1698 974 1757 τίς
1021 1693 1113 1747 καὶ
1162 1697 1314 1756 τίνος
1363 1692 1456 1746 καὶ
1505 1697 1563 1746 τί
1603 1692 1695 1747 καὶ
1744 1701 1854 1746 ποῦ

164 1793 259 1852 τῆς
303 1787 513 1846 πόλεως
558 1783 769 1852 ἀκήκοε.
851 1783 971 1836 113.
1019 1783 1320 1851 βουληθεὶς
1367 1783 1436 1851 δὴ
1481 1792 1595 1835 τῶν
1639 1785 1854 1835 πόλεων

167 1874 244 1935 εἰς
293 1874 387 1935 τὰς
434 1872 658 1942 ἀρίστας
705 1872 1009 1940 ἀφικέσθαι
1055 1872 1155 1924 τὸν
1201 1873 1394 1939 λόγον,
1443 1871 1587 1924 οὕτω
1634 1872 1739 1941 γὰρ
1783 1870 1854 1923 ἂν

166 1959 256 2013 καὶ
303 1959 392 2014 ἐπὶ
439 1961 613 2023 πάσας
660 1959 864 2029 ἐλθεῖν,
911 1960 1096 2030 τρέπει
1143 1960 1246 2029 μὲν
1288 1958 1376 2012 ἐπὶ
1415 1966 1580 2012 τοῦτο
1620 1968 1732 2012 τῶν
1767 1961 1852 2027 βι-
1875 1981 1919 2013 20

165 2050 503 2119 βλογράφων
550 2048 694 2102 δέκα.
771 2050 986 2101 τούτων
1040 2049 1102 2101 δὲ
1156 2047 1239 2101 ἑνὶ
1303 2049 1512 2118 χρυσὸν
1566 2048 1852 2101 δείκνυσιν

286 2214 311 2253 7
343 2208 462 2253 Plat.
496 2209 692 2253 Phaedr.
727 2213 813 2252 235
846 2211 891 2253 B

286 2362 311 2400 2
345 2355 550 2414 γίγνεται
581 2359 624 2401 L
660 2358 665 2414 Ι
708 2356 732 2400 ὁ
766 2371 841 2400 om
872 2357 983 2400 Ferr
1013 2357 1081 2400 Re
1116 2359 1122 2410 Ι
1159 2354 1370 2414 ’ὕπαρχός
1397 2372 1468 2406 τις
1496 2356 1607 2400 Ferr
1637 2355 1687 2399 in
1717 2369 1851 2412 marg

167 2416 269 2459 Mor
410 2422 435 2459 3
469 2416 712 2473 ἐπιθυμῶν
745 2416 933 2473 μᾶλλον]
967 2418 1139 2472 μᾶλλον
1171 2415 1417 2471 ἐπιθυμῶν
1448 2417 1492 2459 L
1635 2421 1662 2458 4
1694 2414 1777 2472 μὲν
1808 2416 1852 2459 L

167 2475 279 2518 Ferr
308 2475 358 2518 in
389 2489 523 2533 marg
553 2476 654 2519 Mor
775 2480 800 2518 5
833 2473 1098 2532 ὑπεσχόμην
1129 2475 1240 2518 Fen·
1269 2475 1319 2518 in
1346 2488 1480 2531 marg
1501 2474 1604 2518 Mor
1660 2509 1668 2518 .
1718 2479 1743 2517 6
1775 2480 1873 2530 μοι’

169 2548 242 2578 om
276 2535 319 2578 L
457 2540 479 2578 7
513 2533 656 2579 αυτόν
684 2535 766 2579 VL
902 2539 928 2578 8
961 2533 1073 2590 δεμ
1074 2533 1187 2591 ηδὲν
1218 2535 1262 2578 L
1330 2537 1334 2540 “
1396 2539 1449 2577 15
1482 2530 1627 2583 αὖθις
1658 2546 1733 2576 om
1763 2534 1808 2577 L
1844 2542 1848 2570 Ι

170 2593 267 2637 ἐκεῖ
295 2595 403 2637 ante
433 2592 575 2637 πάλιν
606 2594 717 2638 Ferr
748 2594 798 2637 in
821 2607 968 2650 marg
1002 2593 1220 2637 cancellis
1244 2592 1436 2637 inclusit
1458 2592 1561 2636 Mor
1646 2596 1699 2635 17
1723 2572 1852 2647 παρὰ

169 2651 358 2696 πάντων
390 2653 555 2708 scripsi
587 2653 690 2696 coll.
716 2653 824 2696 Luc.
851 2652 1003 2696 Somn.
1032 2657 1086 2695 12
1119 2649 1282 2712 ᾄδεται
1311 2651 1443 2707 παρὰ
1473 2650 1664 2695 πάντων
1722 2650 1853 2705 παρὰ

171 2711 349 2766 ἀμφοῖν
380 2712 555 2757 AGPB
587 2713 679 2756 edd
738 2711 845 2767 περὶ
876 2712 1054 2768 ἀμφοῖν
1074 2696 1155 2755 VL
1180 2713 1227 2755 et
1251 2710 1406 2754 Gasda
1511 2715 1564 2754 18
1598 2709 1655 2766 δὴ
1688 2710 1852 2766 scripsi

171 2781 196 2812 e
222 2769 303 2813 VL
379 2770 428 2815 δὲ
467 2771 636 2826 reliqui
674 2770 783 2814 libri
822 2772 870 2814 et
908 2771 998 2814 edd
1142 2774 1197 2813 20
1227 2769 1384 2825 τρέπει
1414 2796 1472 2802 -
1505 2773 1558 2813 21
1592 2767 1706 2814 δέκα
1738 2769 1855 2812 citat

171 2826 319 2871 Thom
348 2829 408 2873 M
443 2843 476 2873 S.
509 2844 548 2873 v.
582 2831 628 2888 βι
661 2828 914 2886 λιογράφος
951 2845 996 2886 p.
1023 2833 1093 2882 53
1126 2833 1150 2873 9
1184 2828 1408 2887 Λιβάνιος
1447 2829 1495 2873 ἐν
1533 2832 1597 2888 τῷ
1630 2828 1737 2883 περὶ
1774 2833 1854 2883 τῆς

172 2885 339 2931 ἑαυτοῦ
369 2888 526 2961 τύχης·
558 2905 611 2944 τρ
638 2904 716 2932 πει
746 2891 838 2932 κτλ.
867 2891 873 2945 Ι
901 2890 947 2946 βι
979 2887 1228 2945 λογροὶφων
1254 2901 1394 2944 supra
1419 2874 1765 2946 βιβλιογράφων
1788 2886 1854 2931 12³

231 2945 575 3003 βιβλιογράφων
606 2949 698 2992 ΑΒ
731 2947 877 2991 Thom
910 2961 934 2991 e
971 2948 1001 2990 d
