2026 3168
183 150 288 202 142
723 149 951 193 LIBANII
982 149 1324 194 ORATIONES

179 284 270 339 καὶ
312 286 474 348 αὐτὸς
514 287 621 338 σὺν
659 286 897 356 χάρισιν,
938 281 1092 339 οἶδεν
1131 285 1409 354 ἀναγνούς
1446 305 1504 339 τε
1536 285 1744 349 ἐκεῖνος
1774 287 1864 340 καὶ

182 374 532 445 ἐρυθριάσας.
613 374 732 426 123.
784 373 1124 443 ἀπεχομένου
1177 373 1240 426 δέ
1287 394 1396 444 μου
1444 373 1535 428 καὶ
1582 377 1715 444 μετὰ
1763 377 1865 445 τὴν

181 462 377 515 δέλτον
409 462 577 516 οὐδὲν
611 458 778 531 ἦττον
807 470 907 515 τοῦ
939 482 998 515 τε
1028 465 1206 530 κήπου
1239 464 1329 516 καὶ
1360 472 1472 516 τῶν
1503 463 1565 516 ἐν
1603 471 1678 536 τῷ
1710 467 1864 536 κήπῳ

90 564 209 608 R83
250 550 547 620 δρωμένων
581 549 588 621 Ι
623 549 714 604 καὶ
775 551 1160 620 ἀπημελῆσθαι
1223 552 1524 615 δοκοῦντος
1583 551 1674 605 καὶ
1737 554 1866 606 οὔτε

137 662 155 694 5
180 640 535 708 ἀθυμοῦντος
589 638 952 707 ἐπισταμένου
999 659 1083 708 τε,
1139 641 1289 702 ὅστις
1334 637 1404 709 ἦν
1450 641 1479 694 ὁ
1525 642 1626 710 τὴν
1671 644 1866 711 φιλίαν

182 726 455 799 διορύξας,
498 732 759 799 Πρίσκος,
792 727 1131 799 Ἠπειρώτης
1171 728 1308 798 ἀνὴρ
1343 729 1426 782 ὅτι
1458 733 1735 793 πλείστοις
1774 728 1864 783 ἐπὶ

181 820 353 888 σοφίᾳ
392 818 741 886 συγγεγονὼς
779 817 1031 888 ἀνδράσι,
1063 821 1502 887 πλημμελεῖσθαι
1532 826 1703 872 ταῦτα
1733 820 1865 888 ἡγη-

182 907 414 975 σάμενος
460 912 534 978 τῷ
584 909 799 974 βασιλεῖ
851 907 1014 959 παύει
1067 907 1169 975 τὴν
1223 906 1514 977 ἁμαρτίαν·
1571 908 1710 970 οἵοις
1764 905 1866 977 μὲν

180 997 390 1063 λόγοις,
453 995 555 1047 οὐκ
609 991 759 1063 οἶδα,
821 998 1091 1063 καλοῦμαι
1147 995 1211 1047 δὲ
1269 996 1592 1064 πληθούσης
1646 995 1866 1067 ἀγορᾶς,

115 1106 156 1138 10
180 1082 270 1136 καὶ
318 1084 635 1153 διηπορεῖτό
681 1102 739 1135 τε
789 1081 879 1135 καὶ
935 1084 1012 1146 εἰς
1065 1091 1171 1152 γῆν
1224 1081 1457 1136 ἔκυπτεν
1510 1083 1539 1136 ὁ
1593 1085 1866 1154 κεκληκὼς

180 1180 503 1242 κατηγορῶν
549 1164 631 1234 οἷς
676 1169 910 1241 ἔπασχεν
957 1167 1036 1225 ὧν
1075 1170 1371 1243 ἐδεδράκει.
1452 1173 1571 1225 124.
1610 1175 1766 1242 μόλις
1810 1171 1856 1226 δ’

183 1256 287 1314 οὗν
318 1278 449 1313 ποτε
473 1260 644 1313 αὑτὸν
674 1259 969 1329 ἀναλαβὼν
993 1261 1083 1313 καὶ
1114 1262 1175 1313 τὸ
1207 1262 1384 1313 πολλὰ
1415 1263 1866 1330 κατηναγκάσθαι

181 1350 442 1419 πράττειν
481 1350 877 1418 αἰτιασάμενος,
917 1348 1105 1418 ἐπειδὴ
1145 1354 1329 1403 καλῶν
1367 1347 1468 1416 μὲν
1511 1349 1593 1403 ἐπ’
1639 1352 1868 1421 ἄριστον

182 1440 435 1508 ἤκουσεν,
474 1438 546 1500 ὡς
585 1439 889 1507 δειπνοίην,
920 1442 1104 1491 καλῶν
1137 1436 1198 1490 δὲ
1229 1437 1318 1491 ἐπὶ
1353 1440 1581 1492 δεῖπνον
1611 1441 1866 1508 ἤκουσεν,

110 1548 157 1581 -15
182 1527 255 1588 ὡς
306 1525 398 1579 καὶ
443 1534 607 1578 τοῦτο
655 1525 780 1589 ἐξὸν
829 1536 1012 1580 ποιεῖν
1056 1528 1089 1596 ἡ
1139 1528 1348 1596 κεφαλὴ
1397 1529 1627 1596 κωλύοι,
1684 1530 1760 1581 σὺ
1809 1526 1862 1580 δ’

181 1615 341 1668 ἀλλά
390 1618 693 1682 θαμίζειν
738 1617 915 1685 ἡμῖν,
962 1613 1084 1685 ἔφη.
1161 1618 1520 1679 καλοῦντός
1566 1636 1660 1685 γε,
1700 1618 1865 1685 ἔφην·

183 1705 359 1766 ἄλλως
400 1704 461 1757 δὲ
500 1705 602 1757 οὐκ
642 1703 972 1774 ἐνοχλήσειν.
1042 1703 1071 1757 ὁ
1105 1701 1166 1757 δὲ
1196 1707 1452 1758 πείθεταί
1478 1724 1535 1757 τε
1567 1704 1657 1758 καὶ
1692 1706 1869 1769 οὕτως

183 1791 369 1845 ἐποίει.
465 1791 583 1844 125.
643 1794 699 1845 αἱ
746 1790 807 1845 δὲ
854 1796 1145 1846 συνουσίαι
1197 1795 1399 1861 λόγους
1448 1813 1507 1846 τε
1557 1795 1689 1863 ἡμῖν
1739 1797 1867 1857 τοὺς

182 1881 320 1952 ὑπὲρ
361 1884 543 1949 λόγων
582 1878 734 1950 εἶχον
771 1882 862 1934 καὶ
901 1880 1163 1944 ἐπαίνους
1210 1891 1320 1935 τῶν
1367 1878 1428 1935 εὗ
1475 1882 1867 1952 πραττομένων

117 1993 159 2024 20
184 1968 374 2041 ἐκείνῳ
405 1969 496 2022 καὶ
527 1970 755 2038 μέμψεις
784 1980 896 2023 τῶν
928 1970 1380 2040 ὠλιγωρημένων,
1404 1969 1579 2040 ᾔτουν
1607 1968 1667 2023 δὲ
1700 1968 1867 2024 οὐδὲν

305 2163 355 2202 11
389 2159 529 2203 Arist.
563 2160 666 2204 Eth.
700 2161 801 2204 Nic.
835 2160 878 2203 V
902 2165 928 2204 8
1030 2165 1082 2204 15
1114 2160 1231 2204 Plat.
1258 2161 1371 2216 Rep.
1405 2160 1426 2202 I
1458 2165 1543 2204 328
1569 2160 1600 2204 C

302 2327 360 2365 -16
400 2323 507 2367 ἀντὶ
543 2330 625 2366 τοῦ
663 2322 889 2379 θάμιζε·
934 2330 1026 2367 τῶν
1049 2321 1277 2367 Ἀττικῶν·
1322 2323 1402 2366 καὶ
1440 2325 1706 2378 Σοφοκλῆς·
1749 2319 1861 2366 τότ’

185 2380 290 2437 ἥδη
323 2380 566 2436 φάσκειν
599 2382 688 2438 ἐμὲ
721 2389 962 2440 μαντικῇ
987 2382 1160 2439 μηδὲν
1186 2389 1441 2438 φρονεῖν·
1468 2384 1540 2438 (=
1561 2381 1670 2424 Oed.
1689 2381 1742 2424 R.
1761 2383 1864 2438 461)

186 2440 266 2482 καὶ
298 2441 458 2497 συχνοὶ
490 2440 540 2486 δὲ
573 2437 761 2497 ῥ’ήτορες
786 2442 829 2485 V

307 2606 331 2643 6
363 2598 577 2657 πρίσκιος
600 2603 711 2646 Fen·
738 2603 743 2660 Ι
773 2602 796 2646 ὁ
821 2602 1079 2659 ἠπειρώτης
1100 2604 1144 2647 L
1168 2603 1279 2646 Fen·
1301 2602 1350 2644 in
1373 2601 1630 2659 margfflor
1704 2606 1726 2644 7
1752 2604 1865 2658 πλη-

187 2662 429 2716 μελεῖσθαι
456 2661 537 2704 VL
689 2666 743 2704 10
783 2660 997 2718 διηπόρει
1026 2660 1129 2705 τότε
1160 2661 1263 2704 Mor
1359 2661 1424 2718 τε]
1459 2677 1509 2717 γε
1548 2662 1593 2703 Β
1629 2661 1633 2718 Ι
1675 2661 1865 2705 ἔπιπτεν

187 2719 234 2763 Α
264 2718 366 2762 Mor
517 2725 570 2762 12
612 2720 755 2763 αὑτὸν
788 2733 843 2762 ex
875 2721 1018 2764 αὐτὸν
1051 2733 1151 2763 corr
1185 2721 1247 2764 0¹²
1345 2719 1488 2763 αὐτὸν
1520 2720 1659 2763 ABL
1697 2720 1807 2763 Fen·

190 2782 244 2821 14
276 2776 445 2831 ἤκουεν
471 2778 554 2821 VL
581 2778 587 2836 Ι
615 2777 758 2833 μόνον
791 2777 1063 2835 δειπνοίηνῗ
1090 2779 1096 2838 Ι
1124 2778 1295 2834 ἤκουεν
1322 2780 1403 2823 VL
1525 2783 1578 2821 15
1611 2779 1773 2822 κωλύει
1791 2778 1860 2836 V}

188 2836 239 2881 δὲ
274 2836 355 2880 GP
502 2841 556 2880 16
588 2837 700 2895 ἄλλῃ
730 2837 803 2880 vel
835 2837 1021 2882 ἄλλοτεῗ
1064 2838 1070 2896 Ι
1118 2840 1142 2880 λ
1172 2838 1222 2880 in
1254 2840 1503 2887 καλοῦντος
1536 2837 1585 2880 in
1616 2851 1691 2880 ras
1723 2837 1791 2882 Β2

190 2899 244 2938 17
275 2911 323 2938 τε
355 2909 429 2938 om
454 2895 499 2938 B
638 2900 690 2938 19
724 2914 758 2939 ω
790 2896 839 2939 in
870 2895 1018 2954 λόγων
1050 2909 1150 2939 corr
1179 2911 1239 2939 m.
1271 2910 1360 2940 rec.
1394 2897 1460 2953 (p)
1493 2909 1547 2939 ex
1579 2913 1602 2939 ο
1635 2898 1683 2939 et)
1713 2897 1863 2939 denuo

187 2969 246 2997 m.
280 2955 448 3010 poster.
475 2956 539 3011 (n)
572 2967 671 2998 con·
701 2954 751 2998 in
782 2971 806 2998 ο
842 2956 881 2999 G
995 2959 1052 2998 20
1083 2953 1259 3012 μέμψιν
1283 2956 1328 3000 V
1407 2987 1410 2991 -
