2026 3168
206 120 273 172 12
277 120 309 172 8
743 119 971 163 LIBANII
1003 119 1345 164 ORATIONES

200 275 366 325 χανεν
398 255 702 325 ἀφιγμένος
735 256 938 324 οἴκαδε,
972 254 1309 324 δειχθέντων
1342 255 1406 308 δέ
1433 276 1527 325 μοι
1559 265 1670 308 τῶν
1701 258 1883 324 λόγων

197 345 287 397 καὶ
317 345 538 398 πάντων
570 343 875 413 οἰχομένων
898 344 1184 414 γράμματα
1207 343 1471 413 πέμπεται
1501 345 1637 415 πρὸς
1668 344 1882 398 ἐκεῖνον

198 434 476 503 φράζοντα
514 434 614 501 τὴν
653 435 913 502 ταχίστην
952 431 1239 500 ἐπιστῆναι
1277 442 1392 495 τοῖς
1430 432 1600 501 νέοις,
1640 434 1713 496 ὡς
1750 432 1883 502 ᾑρη-

197 521 405 590 μένοις’
453 523 512 574 εἰ
563 518 631 574 δὲ
677 524 1045 590 μελλήσεις,
1092 522 1159 573 τὰ
1205 521 1492 591 γράμματα
1530 524 1732 591 ἔλεγεν,
1780 521 1882 575 ἐπὶ

153 611 389 663 5κενὸν
435 608 610 678 ἥξεις
655 610 723 662 τὸ
779 610 1258 663 διδασκαλεῖον.
1337 609 1542 673 οὕτως
1594 612 1881 674 ἅπαντας

198 698 547 767 ἀπαγαγὼν
586 698 614 751 ὁ
640 697 911 768 Ὀρφεὺς
950 699 1299 767 οἰχήσεται.
1355 698 1440 750 91.
1473 699 1562 751 καὶ
1595 699 1655 762 ὃς
1687 699 1882 752 αὐτίκα

196 795 379 856 παρῆν
432 796 670 855 γυναῖκα
723 785 814 839 καὶ
869 783 1026 839 οἷκον
1079 785 1287 856 θέρους
1332 786 1493 857 ἀφεὶς
1545 790 1639 841 καί
1689 807 1754 857 με
1809 788 1882 850 ὥς

108 888 231 931 R65.
257 872 404 928 εἶδεν
458 875 641 945 ὠχρὸν
686 874 778 928 καὶ
827 877 1034 944 ἰσχνόν,
1070 874 1075 945 Ι
1113 876 1147 928 δέ
1190 895 1258 941 με
1301 875 1334 944 ἡ
1381 877 1547 938 νόσος
1594 877 1880 946 εἰργάσατο

196 995 268 1001 —
307 966 472 1027 νόσος
510 965 616 1034 γὰρ
656 966 723 1033 δὴ
771 966 1085 1033 κατειλήφει
1133 966 1233 1033 τὴν
1279 963 1543 1028 ἐπίδειξιν
1580 995 1653 1003 -
1692 964 1882 1032 ἀλγεῖν

131 1074 172 1105 10
195 1053 295 1119 μὲν
327 1055 450 1121 ἔφη,
481 1051 724 1121 πολέμου
759 1050 819 1105 δὲ
850 1054 1044 1122 ἤρχετο
1076 1051 1167 1105 καὶ
1200 1053 1272 1115 ὡς
1305 1054 1372 1121 δὴ
1405 1053 1507 1106 οὐκ
1541 1052 1883 1122 ἐγνωσμένος

195 1139 341 1209 λέγει
376 1160 434 1194 τε
470 1141 542 1204 ὡς
572 1143 959 1212 περιεσόμενος
991 1139 1082 1194 καὶ
1115 1142 1286 1194 εἰπὼν
1325 1140 1512 1213 ᾐτιᾶτο
1555 1144 1686 1204 τοὺς
1723 1161 1881 1210 μετα-

194 1229 596 1299 πεμψαμένους.
635 1237 864 1282 τοιαῦτα
889 1228 1128 1301 ἠθέριζε,
1159 1229 1388 1302 κειμένῳ
1418 1227 1480 1283 δὲ
1512 1228 1880 1298 ἐπενέβαινεν,

197 1319 256 1381 ὃς
295 1318 384 1371 ἀεί
418 1337 548 1371 ποτε
587 1319 725 1388 πρὸς
763 1318 935 1371 αὑτὸν
973 1320 1135 1388 ἤριζε,
1176 1317 1267 1371 καὶ
1307 1317 1701 1387 ἐπιλαβόμενος
1736 1311 1880 1371 εἷλκε

194 1407 332 1477 πρὸς
377 1408 438 1459 τὸ
486 1409 770 1474 βασίλειον
815 1409 1072 1459 παλαίειν
1119 1405 1298 1470 ἀξιῶν.
1377 1406 1480 1474 ἐγὼ
1530 1407 1592 1459 δὲ
1638 1407 1777 1459 ἰδών
1822 1426 1880 1459 τε

130 1516 177 1550 15
195 1496 295 1548 τὸν
347 1495 712 1562 βασιλεύοντα
764 1494 855 1547 καὶ
910 1498 1055 1567 λόγῳ
1110 1497 1340 1564 τιμήσας
1393 1492 1494 1564 μὲν
1544 1493 1613 1547 ἂν
1662 1493 1753 1547 καὶ
1805 1496 1878 1563 μὴ

197 1585 456 1637 αἰτοῦντα
501 1585 600 1636 τὸν
647 1585 835 1652 λόγον,
882 1591 990 1636 νῦν
1037 1585 1098 1637 δὲ
1143 1583 1407 1656 ᾐτηκότος
1460 1581 1663 1653 ἔφερον
1709 1578 1879 1645 αὖθις

197 1670 401 1741 ἑτέροις
432 1670 578 1725 τισὶν
608 1671 859 1735 ἑστιάσας
888 1674 989 1741 τὴν
1016 1675 1193 1742 πόλιν,
1221 1668 1300 1725 ὧν
1331 1680 1440 1725 νῦν-
1465 1671 1652 1734 κλέος
1684 1671 1877 1741 οὐρα-

196 1762 311 1813 νὸν
343 1761 485 1813 ἵκει.
548 1760 632 1813 92.
664 1763 755 1814 καὶ
788 1762 854 1829 δὴ
887 1762 1070 1814 κλάων
1101 1762 1368 1823 κλάοντας
1399 1761 1793 1829 ἀπελίμπανον,
1825 1760 1878 1812 οἱ

107 1862 148 1905 R
173 1867 228 1905 66
261 1846 322 1901 δὲ
357 1850 363 1918 Ι
399 1849 503 1902 οὐκ
539 1847 738 1902 ἔκλαον
770 1852 823 1903 οἱ
853 1850 1126 1917 βέλτιστοι
1158 1851 1353 1918 μόνον,
1383 1849 1521 1902 ἀλλὰ
1551 1847 1641 1901 καὶ
1671 1849 1878 1915 μεγάλα

129 1959 172 1991 20
196 1938 570 2007 ὑπισχνοῦντο
619 1940 843 2007 δώσειν,
885 1941 936 1991 εἰ
980 1938 1383 2007 ὃιαπραξαίμην
1428 1939 1490 1991 τὸ
1533 1938 1678 2007 παρὰ
1717 1939 1875 2006 σφίσι

315 2103 339 2142 6
379 2098 520 2142 Arist.
562 2097 715 2154 Geryt.
750 2098 803 2142 fr.
844 2098 886 2142 H
927 2103 1054 2153 1005,
1090 2104 1143 2142 12
1168 2099 1215 2142 Μ
1397 2102 1450 2142 10
1489 2098 1618 2141 Dem.
1660 2111 1747 2141 cor.
1790 2100 1880 2140 228,

195 2172 239 2212 p.
268 2161 366 2211 303,
393 2162 447 2200 27
572 2162 624 2200 17
659 2157 741 2201 Od.
777 2175 793 2200 ι
819 2162 874 2201 20

195 2365 232 2405 θ
257 2310 369 2405 21ἑ2
410 2304 513 2359 ἤτοι
551 2302 759 2361 ἠτίμαζε,
798 2302 912 2360 παρ’
942 2304 1079 2349 οὐδὲν
1117 2305 1315 2349 ἐποιεῖτο
1342 2305 1385 2348 V
1418 2304 1473 2348 cf.
1507 2300 1563 2346 11ss
1593 2320 1623 2346 α
1648 2294 1747 2346 261⁴.
1789 2301 1872 2346 Od.

315 2514 339 2551 2
374 2509 600 2568 ἐχομένων
626 2524 682 2553 ex
707 2510 957 2568 οἰχομένων
983 2524 1083 2554 corr
1103 2510 1166 2554 Ρ2
1191 2512 1238 2553 et
1260 2511 1327 2553 Re
1351 2510 1490 2553 Anim
1550 2524 1660 2552 num
1685 2525 1872 2566 κατεχο-

196 2566 376 2624 μένωνὶ)
462 2574 486 2612 3
518 2567 821 2626 τηνταχίστην
846 2571 891 2613 Β
982 2574 1008 2613 8
1038 2569 1230 2627 αἰσχρὸν
1255 2570 1333 2612 καὶ
1358 2568 1544 2626 ἰσχυρὸν
1568 2569 1612 2612 L
1704 2572 1728 2610 9
1762 2568 1872 2623 μετὰ

195 2626 308 2683 τὴνῖ
443 2632 494 2670 11
529 2627 968 2684 μεταπεμψομένους
998 2630 1041 2673 L
1179 2633 1232 2671 12
1265 2626 1442 2682 ἐθέριζε
1473 2626 1559 2670 D*
1598 2643 1666 2684 γρ.
1701 2625 1872 2682 ἠρέτιζε

196 2685 299 2728 Mor
320 2685 371 2728 in
393 2700 525 2742 marg
585 2686 771 2742 ἠρέθιζε
797 2687 951 2730 Gasda
979 2690 984 2742 ἱ
1012 2687 1081 2744 δὲ]
1114 2686 1279 2730 melius
1310 2686 1492 2730 videtur
1520 2702 1568 2729 τε
1595 2688 1601 2742 Ι
1631 2684 1872 2744 ἐπέβαινεν

196 2744 240 2786 L
340 2749 392 2786 13
424 2745 558 2802 πρὸς]
582 2753 761 2800 πρῶτος
784 2746 894 2789 Fen·
918 2748 964 2790 et
987 2763 1055 2803 γρ.
1082 2746 1183 2788 Mor
1205 2745 1254 2788 in
1277 2759 1410 2801 marg
1435 2745 1440 2802 Ι
1470 2744 1611 2787 αὑτὸν
1635 2745 1702 2787 Re
1735 2744 1872 2788 simul

197 2803 428 2846 coniciens
458 2804 575 2858 πρὸς
603 2812 787 2858 πρῶτον
820 2805 963 2848 αὑτὸν
1047 2804 1190 2847 αὐτὸν
1219 2803 1330 2846 libri
1360 2804 1470 2847 Fert
1496 2803 1597 2846 Mor
1747 2808 1800 2846 17
1840 2820 1871 2845 α

195 2861 323 2917 prius
356 2862 405 2904 in
437 2861 649 2912 ἑστιάσας
679 2863 922 2919 abreptum
954 2864 1003 2907 in
1037 2864 1075 2908 0
1192 2868 1246 2906 18
1278 2861 1379 2919 ἥκει
1410 2863 1544 2906 BVL
1575 2863 1684 2905 Ferr
1711 2865 1716 2919 Ι
1758 2863 1871 2906 ἀπε-

196 2917 421 2976 λίμπανεν
454 2922 494 2963 L
617 2925 671 2965 20
704 2922 1010 2978 διαπραξαιμι
1042 2923 1084 2966 L
