2026 3168
129 571 152 602 4

189 147 294 199 134
727 147 955 191 LIBANH
986 145 1327 191 ORATIONES

176 279 236 336 δὲ
261 283 601 353 ἁμαρτόντας
624 291 735 335 τῶν
767 283 1034 351 σωμάτων
1066 284 1143 345 εἰς
1174 284 1275 351 τὴν
1299 284 1481 336 οἰκίαν
1512 284 1612 351 τὴν
1645 282 1857 335 ἐκείνου

175 371 398 440 ἀφεῖναι
453 372 551 424 τὸν
595 373 799 440 θυμόν.
875 370 965 424 καὶ
1015 372 1222 434 καπνὸς
1268 372 1474 439 οὑτοσί,
1527 379 1627 425 τοῦ
1682 373 1856 442 πυρὸς

175 461 421 528 ἄγγελος,
462 465 672 526 αἴρεται
711 458 802 512 καὶ
842 459 980 530 ὁρᾶν
1019 459 1240 523 ἔξεστιν.
1336 460 1456 512 104.
1505 460 1646 514 οὕτω
1686 461 1787 527 μὲν
1826 459 1855 513 ὁ

178 551 498 620 Πάτροκλος
528 554 707 618 πληγῇ
739 557 835 617 τῆς
865 556 1043 617 ψυχῆς
1083 547 1414 601 ἀπολωλέκει
1458 550 1523 601 τά
1556 550 1713 618 ὅπλα,
1763 550 1862 602 τὸν

86 650 204 694 R73
237 638 298 690 δὲ
345 637 554 690 ἀπόντα
599 634 701 706 μὲν
750 640 1043 706 καλοῦντα,
1089 638 1337 707 παρόντα
1385 634 1447 690 δὲ
1482 639 1487 706 Ι
1524 637 1862 691 ἀπωθοῦντα

177 727 407 795 φεύγειν
445 723 547 795 μὲν
585 726 889 794 ἠνάγκαζεν
928 724 1113 794 οὐδέν,
1157 727 1323 788 νόσος
1371 723 1430 778 δὲ
1478 728 1862 794 καταβαλοῦσα

176 816 354 885 μακρὰ
406 825 517 868 τῶν
569 814 710 868 νέων
749 814 977 883 ἀφίστη,
1024 813 1115 866 καὶ
1163 816 1325 867 δυοῖν
1365 813 1603 883 ἐβιάζετο
1651 824 1860 882 κακοῖν,

176 910 391 974 πυρετῷ
439 923 498 955 τε
543 902 635 956 καὶ
682 904 827 973 λύπῃ
889 905 1318 972 πυνθανόμενος
1369 904 1636 972 ἱδρῦσθαι
1682 924 1747 972 με
1802 904 1864 956 ἐν

177 999 251 1064 τῷ
286 994 660 1063 βουλευτηρίῳ
704 994 972 1044 τοσοῦτόν
1011 1011 1068 1043 τε
1109 988 1251 1044 εἶναι
1298 992 1359 1044 τὸ
1399 994 1679 1060 ποίμνιον,
1726 993 1864 1044 ὥστε

114 1103 156 1135 10
179 1082 251 1150 μὴ
293 1074 414 1133 οἷόν
453 1100 510 1132 τε
549 1075 706 1148 εἶναι,
745 1079 879 1151 πρὶν
909 1081 1070 1185 η’λιον
1111 1081 1294 1148 δῦναι,
1328 1081 1420 1133 διὰ
1451 1081 1675 1133 πάντων
1708 1079 1864 1133 ἰέναι.

112 1546 153 1578 15

181 1169 300 1222 105.
340 1170 437 1222 τὸν
478 1169 538 1222 δὲ
576 1168 666 1222 καὶ
708 1169 883 1232 οὕτως
922 1166 1117 1238 ἔχοντα
1155 1170 1375 1238 γνώμης
1411 1168 1704 1239 ἐρχόμενος
1744 1168 1866 1221 ε’θε-

179 1259 421 1328 ράπευον
467 1259 558 1311 καὶ
605 1258 707 1310 οὐκ
754 1254 825 1326 ἦν
872 1259 1065 1326 εἰπεῖν,
1105 1259 1174 1327 ἣν
1214 1258 1316 1310 οὐκ
1354 1254 1538 1326 ἦλθον
1577 1257 1866 1321 ἐπισκεψό-

179 1367 344 1416 μενος
376 1347 597 1417 ἡμέραν.
652 1350 830 1399 καίτοι
862 1365 971 1399 που
1004 1345 1094 1399 καὶ
1127 1346 1542 1416 ἀπηλαυνόμην,
1575 1344 1691 1399 ἀλλ’
1724 1347 1867 1413 ὅμως

179 1436 280 1489 οὐκ
321 1436 500 1504 ἀνίην,
539 1434 630 1488 καὶ
669 1438 1052 1505 τελευτήσαντι
1094 1435 1158 1488 δέ
1195 1437 1248 1488 οἱ
1292 1436 1550 1506 δακρύων
1587 1435 1864 1504 μετέδωκα

177 1524 267 1578 καὶ
314 1527 485 1593 λόγον
524 1523 768 1592 ἐποίησα.

292 1614 411 1666 106.
454 1615 742 1684 Πρότερον
775 1610 835 1666 δὲ
867 1609 937 1681 ἦν
970 1611 1271 1682 ἀφιγμένος
1311 1612 1484 1683 ἀρχὴν
1517 1615 1657 1682 ἔχων
1687 1614 1720 1682 ἢ
1752 1623 1863 1666 τῶν

180 1703 362 1756 ἄλλων
416 1704 586 1773 ἄρχει,
640 1705 984 1772 Στρατηγιος
1035 1703 1202 1754 πάλαι
1251 1701 1656 1772 προειρημένον
1707 1701 1863 1774 αὐτῷ.

177 1792 510 1861 προσλαβὼν
542 1792 609 1859 δὴ
641 1794 810 1859 φίλον
843 1791 987 1844 οὕτω
1019 1790 1208 1859 μέγαν,
1243 1789 1433 1843 οὑτοσὶ
1467 1791 1528 1843 δὲ
1559 1787 1628 1858 ἦν
1657 1790 1864 1852 ἐκεῖνος

297 1986 324 2024 4
355 1980 406 2024 Π.
440 1996 475 2024 π
499 1984 584 2024 816
604 1995 669 2036 sq.
795 1984 846 2023 17
879 1995 924 2036 p.
957 1984 1054 2035 123,
1090 1985 1113 2023 7
1140 1995 1206 2035 sq.

299 2148 326 2186 4
350 2141 552 2187 Εαυτὸν
583 2146 646 2202 τῷ
670 2141 939 2215 Πατρόκλῳ
957 2141 1244 2197 παρεικάζει·
1280 2142 1430 2198 ὥσπερ
1462 2159 1550 2200 γαρ
1576 2142 1752 2192 ἐκεῖνος
1768 2138 1860 2215 υφ’

170 2198 394 2257 ’Ἕκτορος
423 2189 628 2260 πληγεὶς
641 2200 862 2260 ἀφῃρέθη
893 2200 950 2245 τὰ
984 2199 1115 2256 όπλα,
1149 2200 1209 2251 ὣς
1240 2202 1318 2258 (ὡς
1343 2202 1495 2259 codd.)
1528 2200 1585 2256 δὴ
1620 2200 1700 2243 καὶ
1724 2199 1865 2249 αυτὸς

179 2267 233 2319 τῇ
265 2262 371 2316 περὶ
401 2268 482 2304 τοῦ
517 2261 739 2334 ἄρχοντος
770 2258 959 2336 ἀγγελίᾳ
990 2258 1048 2315 ἣν
1081 2260 1199 2304 κατὰ
1230 2268 1346 2305 νοῦν
1379 2257 1471 2318 εἶχε
1507 2260 1692 2316 γνώμην
1732 2256 1863 2301 κατέ-

179 2323 312 2364 λυσεν
344 2320 456 2364 P²B
607 2325 631 2362 5
674 2318 727 2364 ὃν
760 2319 942 2375 εἴρηκεν
975 2319 1163 2363 ἄνωθεν
1200 2318 1428 2394 Ζηνόβιον
1466 2318 1586 2391 λέγει
1625 2317 1693 2361 A²
1782 2317 1863 2360 τὸν

186 2379 414 2453 Ζηνόβιον
445 2377 564 2436 λέγει
595 2378 660 2422 Ρ2
754 2383 806 2422 15
839 2386 1022 2433 πρωτον
1054 2379 1137 2435 μὲν
1170 2377 1356 2435 ἐποίησε
1388 2375 1641 2436 μονῳδίαν,
1672 2375 1862 2431 υστερον

182 2437 233 2481 δὲ
267 2437 530 2493 ἐπιτάφιον,
562 2437 623 2487 ὥς
655 2452 798 2494 φησιν
829 2438 877 2482 ἔν
900 2454 993 2481 τινι
1015 2446 1106 2481 τῶν
1131 2438 1380 2482 ἐπιστολῶν
1413 2438 1487 2494 [---
1513 2450 1583 2492 ep.
1609 2435 1715 2493 407]
1740 2434 1805 2479 P2

303 2604 324 2641 1
352 2598 643 2654 ἁμαρτόντας
658 2599 803 2642 Fen·
790 2615 840 2642 ln
863 2613 996 2656 marg
1012 2599 1114 2643 Mor
1129 2599 1196 2642 Re
1251 2597 1607 2656 αμαρτάνοντασ
1628 2596 1738 2639 libri
1754 2597 1866 2641 Fert

241 2662 268 2700 4
299 2663 379 2712 τῆς
410 2672 485 2700 om
516 2659 627 2701 Fen·
665 2661 670 2714 Ι
712 2657 1001 2702 ἀπωλωλέκει
1032 2658 1120 2702 ΑΟ
1258 2663 1282 2701 6
1316 2658 1640 2714 καταλαβοῦσα
1671 2655 1783 2698 Par²
1814 2656 1865 2698 in

182 2729 315 2773 marg
347 2715 519 2772 (Gasda
546 2717 566 2759 I
594 2719 664 2773 16)
697 2718 744 2760 et
773 2717 897 2772 Ferr,
929 2718 1126 2760 foi-basse
1157 2718 1280 2760 recte
1403 2721 1425 2758 7
1458 2715 1611 2771 μακρὰ
1644 2714 1808 2770 scripsi
1840 2728 1864 2757 e

182 2775 272 2819 ΡΒ
313 2777 500 2818 auctore
539 2776 607 2818 Re
637 2775 778 2818 Anim
868 2775 1008 2831 μικρὰ
1038 2775 1207 2831 reliqui
1238 2775 1347 2818 libri
1379 2776 1426 2818 et
1464 2774 1554 2817 edd
1590 2774 1595 2832 Ι
1637 2773 1863 2826 ἐπιέζετοῖ)

243 2833 527 2889 8ὶδρῦσθαι
559 2836 618 2888 Β,
650 2834 846 2878 fortasse
877 2836 1023 2889 recte,
1057 2833 1113 2877 cf.
1146 2849 1190 2890 p.
1218 2837 1288 2888 85,
1314 2838 1361 2886 9,
1397 2837 1495 2887 136,
1522 2837 1543 2875 1
1659 2838 1711 2876 10
1745 2829 1864 2876 εἶναι

184 2905 259 2936 om
290 2893 335 2936 B
474 2898 527 2936 14
559 2892 720 2952 ἀνῄειν
752 2895 796 2937 L
934 2898 987 2937 16
1020 2888 1049 2947 ἧ
1082 2894 1125 2937 L
1260 2897 1312 2936 18
1345 2892 1395 2937 δὲ
1427 2893 1471 2936 L
1507 2894 1554 2936 et
1585 2909 1651 2949 γρ.
1683 2892 1786 2935 Mor
1815 2891 1865 2933 in

182 2965 316 3009 marg
342 2952 348 3010 Ι
388 2968 505 2996 ουτω
540 2911 675 3006 φίλον
702 2953 783 2996 VL
