2026 3168
188 157 291 209 148
728 155 956 199 LIBANH
987 120 1326 201 ORATmNEs

185 299 314 346 θεσι
373 290 510 360 μέγα
572 293 871 359 σημαίνειν.
971 291 1282 360 εὐχομένων
1344 290 1404 346 δὲ
1472 294 1544 362 μὴ
1605 294 1670 347 τὰ
1732 294 1867 347 ὄντα

186 380 428 445 δοξάζειν
475 381 673 450 πικρὸν
720 381 812 433 διὰ
865 389 976 433 τῶν
1030 382 1184 434 ὤτων
1234 381 1410 451 τρέχει
1462 390 1556 451 τῆς
1609 382 1863 451 ἀγγελίας

187 469 360 538 βέλος,
395 468 705 522 Ἰουλιανὸν
743 466 844 538 μὲν
883 468 1096 523 ἐκεῖνον
1139 469 1198 522 ἐν
1238 477 1385 541 σορῷ
1432 470 1720 541 φέρεσθαι,
1766 478 1865 525 τοῦ

187 559 367 621 δεῖνος
407 555 467 611 δὲ
506 563 840 627 γεγενῆσθαι
878 559 939 611 τὸ
981 566 1274 628 σκῆπτρον,
1315 563 1549 630 Περσῶν
1589 557 1650 613 δὲ
1683 559 1867 630 Ἀρμε-

142 667 161 700 5
185 650 312 699 νίαν
350 654 444 714 τῆς
482 666 540 699 τε
580 648 745 715 ἄλλης
784 647 988 700 ὁπόσον
1019 646 1316 715 ἐβούλοντο
1356 657 1469 716 γῆς.
1534 648 1653 702 135.
1692 649 1867 712 εὐθὺς

186 732 287 803 μὲν
327 731 430 788 οὖν
470 737 547 798 εἰς
586 733 743 804 ξίφος
783 732 953 804 εἶδον,
993 736 1065 798 ὡς
1105 736 1313 805 ἁπάσης
1359 746 1573 806 σφαγῆς
1619 737 1864 806 ἀλγεινο-

97 837 213 880 R92
246 823 402 894 τέρας
440 832 534 892 τῆς
575 827 709 892 ζωῆς
746 823 1019 893 ἐσομένης.
1083 827 1265 878 ἔπειτα
1304 824 1565 894 ἐνενόησα
1598 824 1605 896 Ι
1638 827 1736 879 τὸν
1765 834 1864 880 τοῦ
1928 816 1930 818 V

187 913 487 975 Πλάτωνος
518 914 690 980 νόμον
721 911 812 965 καὶ
845 913 918 975 ὡς
949 912 1120 967 αὐτὸν
1152 914 1218 966 οὐ
1251 913 1447 967 λυτέον
1477 915 1577 983 τὴν
1607 915 1867 983 τοιαύτην

190 1002 257 1069 δὴ
297 1002 459 1054 λύσιν
497 1002 589 1054 καὶ
629 1001 701 1064 ὡς
741 1001 914 1064 οὕτως
952 1000 1138 1055 ἐλθὼν
1177 1003 1252 1064 εἰς
1292 1003 1472 1055 Αἴδου
1511 1022 1570 1056 τε
1607 1001 1697 1056 καὶ
1734 1002 1859 1074 παρ’

123 1111 164 1143 10
188 1087 401 1142 ἐκεῖνον
442 1089 502 1142 ἐν
541 1091 738 1152 αἰτίαις
778 1088 847 1143 ἂν
894 1095 1012 1158 εἴην
1052 1086 1158 1143 ὧδε
1195 1093 1608 1160 τετελευτηκώς·
1653 1093 1869 1155 πάντως

186 1179 289 1249 γὰρ
337 1177 406 1231 ἂν
454 1178 719 1248 ἐμέμφετο
768 1180 840 1247 μὴ
887 1180 954 1231 τὰ
1001 1179 1106 1232 ἀπὸ
1153 1187 1253 1232 τοῦ
1299 1186 1439 1233 θεοῦ
1479 1183 1867 1251 περιμείναντι.

185 1268 322 1337 πρὸς
363 1264 422 1319 δὲ
461 1268 551 1320 καὶ
590 1266 769 1321 ἐδόκει
807 1288 900 1335 μοι
946 1275 1143 1338 χρῆναι
1190 1270 1375 1336 λόγοις
1422 1268 1728 1338 ἐπιταφίοις
1772 1271 1869 1323 τὸν

185 1355 500 1409 ἀπελθόντα
536 1364 714 1425 τιμᾶν.

301 1444 420 1497 136.
477 1448 650 1498 Τοῦτο
690 1442 794 1514 μὲν
833 1441 936 1499 οὖν
975 1446 1117 1499 οὕτω
1166 1447 1258 1499 διὰ
1302 1453 1474 1499 ταῦτα
1521 1448 1659 1516 ἔσχε,
1706 1449 1869 1516 λόχον

121 1555 162 1587 15
189 1532 254 1586 δέ
287 1554 412 1586 τινα
452 1535 734 1603 διαφεύγω
774 1537 1143 1603 βουληθείσης
1181 1543 1275 1602 τῆς
1321 1536 1510 1605 Τύχης.
1574 1536 1627 1589 οἱ
1660 1536 1764 1605 γὰρ
1798 1531 1867 1588 αὖ

187 1631 298 1674 τῶν
329 1619 431 1690 μὲν
461 1624 567 1692 πρὸ
603 1631 700 1675 τοῦ
733 1633 941 1693 καιρῶν
972 1622 1035 1696 ἐν
1055 1626 1355 1691 βασιλείοις
1386 1625 1521 1694 πρὸς
1554 1625 1714 1693 ἰσχὺν
1738 1623 1868 1677 ἄπο-

188 1712 510 1779 λαύσαντες,
556 1713 676 1764 τότε
724 1709 784 1764 δὲ
833 1713 900 1764 τὰ
946 1712 1128 1765 αὑτῶν
1171 1712 1572 1780 ἠναγκασμένοι
1610 1713 1868 1782 πράττειν

99 1812 140 1854 R
161 1816 215 1855 93
247 1799 355 1852 ὑπὸ
401 1802 746 1870 Φρυνώνδου
778 1801 927 1863 τινὸς
965 1800 1406 1869 ἀναπεισθέντες,
1439 1802 1510 1863 ὡς
1545 1803 1550 1869 Ι
1587 1797 1677 1868 ἐμὲ
1714 1802 1869 1854 δεινὰ

191 1887 390 1951 αὐτοὺς
423 1890 715 1959 εἰργάσθαι
757 1888 830 1942 δι’
864 1889 1149 1958 ἐπιστολῆς
1173 1891 1248 1952 εἰς
1273 1893 1583 1959 Βαβυλῶνα
1613 1891 1869 1958 ἡκούσης,

125 1999 167 2030 20
189 1975 285 2045 ὑφ’
339 1973 402 2045 ἧς
450 1976 519 2030 ἂν
565 1978 751 2040 αὐτοῖς
800 1979 1072 2047 δυσμενὴς
1117 1977 1387 2047 ἐπανῆκεν
1426 1977 1657 2047 ἐκεῖνος,
1699 1981 1868 2047 ψηφί-

191 2068 372 2130 ζονται
409 2067 556 2135 παρὰ
592 2075 829 2134 συγγενῆ
869 2086 935 2133 με
967 2075 1201 2134 γυναῖκα
1233 2068 1474 2120 εἰσιόντα
1504 2068 1869 2134 συλλαβόντες

190 2155 266 2216 εἰς
303 2154 400 2206 τὸν
438 2162 632 2222 κῆπον,
672 2150 738 2207 οὗ
779 2156 873 2217 τὰς
904 2157 1110 2222 βουλὰς
1141 2155 1455 2224 ἐβούλευον,
1489 2157 1869 2223 εἰσαγαγόντες

189 2251 418 2295 κτεῖναι·
456 2241 548 2295 καὶ
586 2244 689 2313 γὰρ
731 2243 800 2296 ἂν
840 2245 990 2314 δῶρα
1022 2247 1180 2314 σφίσι
1218 2245 1365 2313 παρὰ
1395 2251 1492 2296 τοῦ
1526 2244 1592 2296 τὰ
1623 2251 1867 2312 σκῆπτρα

190 2332 452 2397 λαβόντος
498 2331 775 2399 γενέσθαι.
855 2332 975 2385 137.
1024 2341 1138 2395 τοῖς
1186 2329 1289 2399 μὲν
1336 2333 1402 2401 δὴ
1456 2332 1747 2400 ἡτοίμαστο
1801 2331 1867 2384 τὰ

308 2479 333 2518 8
372 2475 491 2519 Plat.
524 2475 695 2520 Phaed.
731 2476 834 2520 671)
959 2482 1011 2519 12
1052 2491 1114 2520 or.
1147 2476 1275 2520 XVII
1314 2478 1360 2520 et
1397 2476 1548 2519 XVIII
1586 2477 1618 2519 t.
1651 2475 1672 2518 Ι
1704 2480 1787 2518 507
1821 2477 1867 2519 et

192 2537 275 2576 521
303 2548 367 2589 sq.
401 2535 442 2577 R
564 2539 616 2578 18
650 2549 719 2592 ep.
748 2540 874 2579 1038.
916 2550 979 2579 or.
1012 2550 1095 2592 pro
1128 2535 1308 2592 Olymp.
1340 2551 1384 2592 p.
1413 2539 1482 2589 81,
1509 2539 1533 2578 9
1567 2535 1636 2578 ed.
1664 2534 1783 2578 Sieb.

313 2670 335 2708 1
369 2664 483 2722 μέγα
514 2675 695 2724 τραῦμα
728 2668 831 2711 coni
862 2669 930 2712 Re
958 2668 963 2727 Ι
999 2668 1056 2724 δὴ
1089 2668 1134 2711 Ρ
1244 2672 1269 2710 2
1300 2675 1478 2723 πικρῶν
1509 2667 1554 2711 Α
1667 2672 1692 2710 5
1726 2667 1868 2725 ἠβού-

190 2727 323 2768 λοντο
355 2725 456 2768 Mor
479 2726 546 2768 Re
696 2731 721 2769 8
753 2728 850 2784 καὶ]
887 2726 939 2772 ὃν
965 2729 1007 2771 L
1081 2726 1163 2771 τὸν
1193 2726 1283 2769 Par
1314 2726 1542 2782 probante
1574 2725 1729 2769 Gasda
1761 2726 1780 2769 1
1813 2730 1867 2769 16

190 2798 302 2826 num
335 2783 438 2827 del?
475 2784 480 2841 Ι
524 2784 665 2828 αὑτὸν
697 2786 873 2830 ACBL
904 2786 1005 2829 Mor
1034 2786 1101 2829 Re
1244 2789 1268 2827 9
1309 2781 1443 2835 οὗτος
1467 2785 1549 2829 VL
1693 2789 1744 2828 11
1785 2791 1867 2828 τοῦ

192 2855 267 2885 om
297 2842 388 2885 AB
511 2847 562 2886 12
595 2843 765 2898 προςὸὲ
791 2845 834 2888 V
947 2850 1002 2887 14
1025 2847 1253 2889 ὃιαταῦτα
1283 2844 1382 2888 BV
1499 2848 1551 2887 15
1593 2844 1747 2901 φεύγω
1780 2845 1822 2888 L
1857 2843 1862 2902 Ι

192 2897 251 2944 αὖ
282 2901 392 2959 τῶν]
426 2901 578 2946 αὐτῶν
610 2904 744 2947 APL
866 2908 919 2947 16
952 2910 1125 2959 προτοῦ
1157 2904 1200 2947 L
1334 2907 1386 2946 17
1419 2902 1476 2958 δὴ
1509 2904 1600 2947 BL
1722 2905 1774 2945 18
1808 2901 1869 2952 ὡς

193 2960 345 3004 delere
377 2959 475 3004 vult
506 2960 573 3003 Re
