2026 3168
131 162 236 215 308
673 161 901 204 LIBANII
932 160 1274 205 ORATIONES

129 299 230 366 τὴν
268 299 583 366 παρθενίαν
623 297 767 364 ὅμως
805 295 1007 360 ἐδίωξε.
1069 297 1159 349 καὶ
1197 297 1230 364 ἡ
1269 293 1371 365 μὲν
1391 295 1682 368 Ἀφροδίτη
1724 296 1817 348 διὰ

131 388 191 439 τὸ
223 388 424 448 κάλλος
456 386 592 454 αὐτή
624 386 681 438 τε
714 384 876 454 ἀνδρὶ
909 386 1175 453 συνεζύγη
1202 384 1293 438 καὶ
1324 384 1619 454 ἐπέστησεν
1644 386 1818 453 αὑτὴν

131 476 326 543 γάμοις
364 494 422 527 τε
461 474 552 527 καὶ
589 475 887 543 ὑμεναίοις,
926 475 1027 543 τὴν
1066 471 1127 527 δὲ
1166 474 1270 527 οὐκ
1308 476 1487 527 ἔπεισε
1522 476 1581 527 τὸ
1620 475 1818 536 κάλλος

130 571 412 617 συνοικεῖν
443 583 500 616 τε
531 569 646 636 θεῷ
673 562 764 615 καὶ
801 565 959 616 κύειν
997 562 1089 616 καὶ
1126 565 1330 616 τίκτειν
1369 559 1500 615 οὐδὲ
1538 563 1819 631 ὑπέθηκεν

87 674 107 706 5
132 653 304 720 αὑτὴν
343 661 459 714 τοῖς
498 660 597 705 τοῦ
637 654 908 720 γήμαντος
947 654 1308 721 βουλήμασιν.

245 742 327 793 11.
372 741 455 793 Οὐ
496 742 605 809 μὴν
643 738 775 794 οὐδὲ
816 742 972 794 ἱστὸν
1009 739 1102 793 καὶ
1141 743 1262 810 ἔρια
1301 739 1392 793 καὶ
1431 743 1697 794 ταλασίαν
1727 741 1818 793 καὶ

132 828 266 900 ἔργα
296 839 580 897 γυναικῶν
604 829 838 898 ἠξίωσεν
871 829 1100 899 ἐφορᾶν,
1134 828 1335 882 ἐλάττω
1369 837 1539 882 ταῦτα
1569 837 1664 898 τῆς
1697 828 1820 882 ἑαυ-

135 926 230 986 τῆς
269 921 504 989 κρίνασα
534 920 770 987 φύσεως,
812 917 928 971 ἀλλ’
961 918 1171 987 ἀφῆκεν
1204 919 1376 987 αὑτὴν
1409 918 1496 971 ἐπὶ
1528 920 1594 971 τὰ
1631 920 1821 987 θηρία,

89 1029 108 1060 9
133 1007 307 1069 νάπας
345 1026 403 1059 τε
442 1006 533 1060 καὶ
574 1009 674 1077 ὄρη
715 1006 806 1059 καὶ
846 1009 983 1075 ἄλση
1015 1006 1107 1060 καὶ
1140 1007 1386 1077 δρυμοὺς
1419 1006 1667 1076 ε’πιοῦσα,
1705 1006 1823 1077 τέρ-

45 1109 192 1152 R228
225 1104 325 1159 φιν
364 1094 569 1164 ἔχουσα
607 1097 708 1165 τὴν
745 1100 944 1166 θήραν.
1021 1096 1087 1148 οὐ
1128 1097 1233 1165 γὰρ
1269 1096 1275 1164 Ι
1311 1097 1378 1164 δὴ
1418 1098 1596 1149 πόνου
1637 1098 1722 1149 δεῖ
1758 1104 1823 1166 τῇ

125 1183 394 1253 Ἀρτέμιδι
419 1184 557 1253 πρὸς
581 1184 642 1236 τὸ
676 1184 919 1253 βάλλειν,
952 1183 1069 1237 ἀλλ’
1101 1184 1203 1236 ὅσα
1232 1184 1385 1253 ἡμεῖς
1415 1192 1534 1247 ταῖς
1564 1190 1825 1254 καθειργ-

134 1273 322 1339 μέναις
361 1274 567 1342 ὄρνισι,
615 1281 809 1342 χρῆται
856 1271 1034 1341 ἐκείνη
1083 1273 1314 1340 κάπροις
1359 1292 1417 1325 τε
1462 1271 1554 1326 καὶ
1600 1272 1827 1342 ἐλάφοις

133 1362 224 1414 καὶ
272 1362 376 1434 ὅτῳ
424 1363 570 1432 ἄλλῳ
618 1364 801 1434 θηρίῳ
850 1360 1042 1425 δόξειε.
1123 1362 1206 1414 12.
1252 1362 1342 1414 καὶ
1389 1359 1541 1416 ἔστιν
1588 1361 1828 1431 ἀκριβῶς

137 1450 404 1504 δέσποινα
453 1460 565 1503 τῶν
613 1453 833 1520 θηρίων
883 1455 1094 1519 μᾶλλον
1143 1451 1176 1519 ἢ
1226 1450 1380 1519 ἡμεῖς
1425 1460 1537 1503 τῶν
1586 1451 1826 1503 οἰκετῶν.

73 1560 115 1593 15
138 1548 249 1592 τῶν
280 1539 381 1608 μέν
411 1559 474 1607 γε
507 1538 839 1606 ἀντέβλεψεν
869 1541 974 1608 ἤδη
1007 1559 1089 1602 τις
1119 1540 1208 1591 καὶ
1241 1538 1476 1607 ἐλύπησε
1510 1538 1717 1609 ῥήματι
1735 1537 1828 1590 καὶ

139 1627 382 1698 ἀποδρὰς
420 1626 604 1700 ᾤχετο,
644 1629 710 1680 τὰ
749 1628 811 1680 δὲ
851 1629 879 1681 ὅ
911 1648 963 1680 τι
998 1646 1100 1697 περ
1141 1627 1210 1681 ἂν
1242 1627 1419 1697 ἐκείνῃ
1453 1629 1605 1697 δοκῇ,
1637 1627 1828 1696 πάσχει

83 1778 86 1782 ,
140 1736 197 1768 τε
236 1715 328 1769 καὶ
368 1716 580 1786 στέργει
619 1725 735 1779 τοῖς
774 1715 878 1769 ἀπὸ
920 1724 1015 1784 τῆς
1053 1722 1208 1769 θεοῦ.
1275 1717 1357 1768 13.
1403 1716 1436 1784 ἡ
1479 1716 1540 1768 δὲ
1577 1715 1829 1786 τέρπεται

138 1802 239 1873 μὲν
277 1804 462 1875 ὁρῶσα
513 1805 650 1858 αὐτὰ
688 1804 918 1874 θέοντα,
968 1805 1217 1875 τέρπεται
1258 1802 1319 1858 δὲ
1359 1805 1662 1872 διώκουσα,
1713 1803 1830 1874 τέρ-

139 1911 296 1946 πεται
345 1893 406 1946 δὲ
451 1892 769 1957 τοξεύουσα.
846 1902 909 1964 τῇ
957 1893 1142 1962 τέρψει
1185 1890 1245 1946 δὲ
1285 1893 1422 1963 αὐτῇ
1461 1899 1534 1965 τῷ
1576 1893 1722 1960 γένει
1761 1900 1835 1965 τῷ

76 2004 120 2035 20
142 1991 253 2035 τῶν
293 1981 608 2051 ἀνθρώπων
648 1982 868 2050 ἀμύνει,
911 1984 976 2034 τὰ
1017 1983 1259 2050 δυσμενῆ
1299 1990 1374 2054 τῷ
1408 1981 1554 2050 γένει
1593 1989 1831 2035 ποιοῦσα

260 2162 285 2200 6
319 2157 402 2201 Od.
436 2175 465 2200 α
500 2163 585 2201 356

262 2324 286 2362 2
336 2318 601 2375 ἐπέστησεν·
651 2319 754 2374 ἥτοι
802 2318 1048 2375 ἐπιστάτην
1091 2319 1246 2372 ἔταξεν
1287 2318 1457 2374 ἑαυτήν
1500 2320 1543 2362 V
1688 2322 1741 2361 18
1777 2317 1829 2361 τὸ

146 2379 329 2423 διώκειν
361 2379 441 2422 καὶ
473 2379 549 2423 ἐπὶ
582 2378 739 2434 ἐτέρου
769 2376 946 2433 τρόπου
978 2386 1059 2422 τοῦ
1092 2382 1242 2435 ζητεῖν
1274 2379 1552 2436 καταλαβεῖν
1585 2394 1628 2420 τι
1655 2378 1699 2420 V

267 2560 292 2598 2
333 2557 473 2610 ἀνδρὶ
510 2559 672 2616 θνητῷ
699 2555 969 2599 MSohmidt
999 2555 1165 2599 Philol.
1199 2556 1240 2598 X
1272 2560 1356 2599 635
1487 2559 1533 2609 x5
1572 2554 1716 2610 αὐτὴν
1747 2556 1783 2598 Ι

151 2619 175 2657 6
207 2613 462 2658 ταλασσίαν
496 2617 557 2659 M
685 2619 710 2657 8
743 2614 887 2671 αὐτὴν
920 2616 955 2658 Ι
1082 2619 1136 2658 10
1167 2614 1251 2671 τὴν
1282 2614 1439 2669 θήραν
1473 2612 1638 2671 ἔχουσα
1668 2612 1834 2670 τέρψιν

148 2675 291 2717 ΙΒΜ
387 2679 440 2716 11
474 2681 576 2723 ταῖς
609 2672 795 2732 οἰκίσκῳ
829 2677 940 2717 καθ.
973 2673 1243 2717 MSchmidt
1274 2673 1440 2716 Philol.
1466 2673 1506 2715 X
1532 2677 1615 2715 635
1709 2677 1762 2715 12
1788 2689 1835 2716 τε

149 2732 326 2775 inserui
359 2746 414 2775 ex
444 2734 727 2776 AUVIBM
846 2737 900 2775 14
931 2732 1076 2790 ἡμεῖς]
1113 2733 1246 2776 αὐτοὶ
1278 2734 1340 2776 M
1457 2736 1509 2775 15
1542 2748 1591 2788 γε
1623 2747 1682 2774 111.
1714 2733 1834 2788 post.

150 2793 220 2847 (p)
253 2805 354 2834 con·
384 2792 434 2834 in
465 2790 552 2848 γὰρ
589 2792 669 2835 CA
738 2808 787 2847 γε
814 2792 856 2834 P
887 2793 968 2834 sed
1000 2807 1020 2835 ε
1051 2792 1121 2834 m⁸
1151 2791 1200 2834 in
1231 2804 1306 2834 ras
1340 2793 1386 2834 et
1418 2807 1471 2847 γρ
1504 2791 1589 2847 γὰρ
1623 2790 1673 2833 111
1702 2804 1837 2847 marg

149 2850 308 2893 m⁴vel
328 2850 345 2874 ⁵
380 2851 389 2922 j
426 2848 716 2908 ἀ-ντέβλαψεν
744 2851 870 2895 CAP
899 2851 980 2893 sed
1011 2850 1060 2892 in
1091 2851 1180 2893 hoc
1211 2867 1240 2892 α
1274 2850 1473 2893 alterum
1496 2850 1545 2892 111
1576 2863 1651 2892 ras
1683 2849 1764 2903 111²,
1799 2849 1843 2893 U

153 2910 199 2951 et
230 2909 298 2951 Re
326 2910 331 2964 Ι
359 2908 447 2965 ἠδη
481 2923 556 2952 0111
589 2909 632 2952 U
736 2914 788 2952 19
820 2926 845 2952 τ
875 2909 924 2951 111
955 2909 1206 2960 τοξεύουσα
1237 2909 1286 2952 111
1317 2921 1392 2951 ras
1418 2909 1489 2952 P⁴
1516 2912 1522 2965 1
1549 2912 1612 2968 τῷ
1638 2908 1836 2952 alterum

153 2981 226 3010 om
267 2968 416 3012 VBM
563 2972 617 3011 20
649 2975 879 3011 ποιοῦσαν
911 2969 944 3010 Ι
