2026 3168
137 152 246 204 260
677 151 905 195 LIBANII
935 150 1275 196 ORATIONES

137 285 227 339 καὶ
277 289 585 339 κατακλείω
639 285 708 355 μέ
753 306 835 349 τις
886 289 962 349 εἰς
1011 289 1113 356 τὴν
1162 288 1299 358 ὑπὲρ
1350 297 1443 357 τῆς
1489 288 1819 358 ἐνεγκούσης

136 377 425 445 πρόνοιαν,
464 374 685 444 ἀτυχεῖν
722 396 817 445 μοι
857 377 1009 429 δοκεῖ
1045 385 1163 439 ταῖς
1193 379 1491 445 μετοικίσας
1522 378 1655 446 αὕτη
1688 382 1819 431 πολ-

138 467 251 516 λῶν
303 472 495 531 τινῶν,
559 466 614 516 οἳ
664 465 760 527 τὰς
813 464 997 517 αὑτῶν
1050 467 1437 529 καταλιπόντες
1489 468 1674 530 πόλεις
1728 465 1819 520 καὶ

93 575 115 606 4
140 553 342 621 οἴκους,
381 554 430 606 εἰ
463 553 529 621 δὴ
561 551 653 606 καὶ
685 558 888 622 οἴκους,
920 552 1011 606 καὶ
1045 552 1165 606 οὐδ’
1196 552 1266 607 ἂν
1297 555 1432 624 ὄναρ
1465 554 1636 624 ἡδέως
1669 556 1820 608 ἰδόν-

49 654 195 698 R194
225 661 312 704 τες
359 636 529 711 οὗπερ
576 639 807 711 ἔφυσαν,
843 641 849 712 Ι
885 640 1030 705 ξένοι
1069 646 1311 696 πολιτῶν
1349 652 1569 713 κρατεῖν
1608 645 1818 698 οἴονται

140 731 275 797 δεῖν,
336 728 648 799 τρέμοντες,
709 731 781 800 μὴ
837 733 1010 799 νόμον
1062 736 1140 802 θῇ
1201 733 1460 798 βασιλεὺς
1514 729 1655 785 εἶναι
1708 742 1819 786 τῶν

137 816 462 887 παραδόξων
510 819 768 872 πλούτων
821 820 1080 882 εὐθύνας.
1170 820 1255 873 67.
1315 813 1397 883 οἷς
1455 821 1558 874 οὐκ
1610 819 1821 892 ἐξαρκεῖ

138 908 205 960 τα
253 906 484 978 ἡμέτερα
534 909 696 977 ἔχειν,
748 907 886 961 ἄλλα
934 929 1039 961 καν
1091 909 1404 977 αἰτιασηταί
1448 929 1531 972 τις
1569 911 1670 979 τὴν
1717 912 1820 963 Τύ-

139 1012 259 1065 χην,
297 1001 631 1065 θυμοῦνται,
670 995 761 1049 καὶ
799 999 974 1067 βαρὺς
1012 996 1041 1050 ὁ
1080 998 1451 1067 μεμψαμενος·
1497 999 1558 1052 τὸ
1599 1001 1702 1069 γαρ
1745 1000 1822 1062 εἰς

212 1082 548 1104 „„„„„„

141 1173 207 1226 οὐ
239 1174 564 1238 πανδεινον;
605 1174 689 1226 68.
723 1175 770 1227 εἰ
804 1171 863 1227 δε
895 1175 1136 1245 γεωργὸς
1167 1174 1246 1227 ὢν
1277 1173 1361 1228 ἀεὶ
1394 1177 1632 1243 σπείρων
1656 1176 1823 1229 οὐδὲν

139 1263 491 1331 κομιζόμενος
529 1265 807 1331 κατεβόων
844 1272 957 1315 τῶν
987 1262 1125 1316 ἐτῶν
1155 1273 1267 1316 τῶν
1297 1265 1358 1316 τὸ
1391 1260 1492 1333 μὲν
1524 1266 1822 1333 λαβόντων,

139 1351 199 1403 τὸ
241 1347 302 1403 δὲ
342 1351 408 1404 οὐ
449 1352 787 1421 δεδωκότων,
834 1352 1064 1422 ὀχληρὸς
1102 1351 1171 1405 ἄν
1208 1348 1279 1421 ἦν
1316 1361 1432 1416 τοῖς
1470 1360 1643 1405 ταῦτα
1687 1351 1814 1406 καθ’

141 1437 371 1492 ἕκαστον
409 1437 531 1502 ἔτος
570 1439 860 1506 ἀκούουσις
914 1439 1006 1494 καὶ
1043 1450 1158 1504 πῶς
1196 1439 1329 1509 ἐνῆν
1365 1442 1438 1510 μὴ
1481 1447 1717 1511 θρηνεῖν
1762 1440 1824 1494 ἐν

76 1551 118 1583 15
144 1527 371 1596 αὐχμοῖς
417 1527 509 1581 καὶ
550 1528 871 1599 ἐπομβρίαις
915 1528 1006 1583 καὶ
1044 1533 1351 1599 νοσήμασιν
1389 1531 1576 1593 ἄλλοις
1621 1529 1711 1583 καὶ
1758 1538 1820 1600 τῇ

141 1615 273 1690 περὶ.
304 1617 406 1685 τὴν
445 1618 660 1687 σπορὰν
698 1619 869 1687 αὐτὴν
918 1622 1096 1689 ζημίᾳ;
1159 1618 1242 1670 69.
1294 1618 1431 1671 ἀλλὰ
1477 1619 1677 1688 μητρὸς
1722 1615 1823 1688 μὲν

141 1703 441 1774 τηκομένης
478 1707 671 1774 μήκεσι
710 1709 894 1760 νόσων
934 1707 1045 1759 ἔδει
1091 1707 1294 1775 κλάειν,
1340 1707 1604 1775 πατρίδος
1650 1706 1735 1776 δέ,
1788 1707 1821 1775 ἣ

143 1793 232 1846 καὶ
270 1794 376 1863 πρὸ
416 1802 515 1863 τῆς
548 1795 752 1865 μητρὸς
790 1794 860 1848 ἂν
899 1800 999 1864 εἴη,
1041 1804 1218 1858 κακῶς
1257 1794 1600 1864 διακειμένης
1639 1795 1824 1865 ἑορτά-

143 1885 254 1946 ζειν
279 1880 464 1951 ἐχρῆν;
495 1881 654 1951 ᾔδειν
679 1882 981 1953 ἀρέσκοντα
1010 1893 1186 1937 ποιῶν
1216 1893 1331 1947 τοῖς
1362 1888 1627 1953 λαχοῦσιν
1651 1884 1825 1953 αὐτὴν

75 1994 118 2026 20
143 1972 379 2039 δαίμοσι,
403 1978 566 2024 τοῦτο
601 1969 662 2025 δὲ
691 1972 1002 2041 ἠπιστάμην
1035 1973 1251 2026 δίκαιον
1283 1973 1362 2025 ὄν.
1411 1974 1595 2025 δίκαια
1626 1975 1820 2026 τοίνυν

142 2069 317 2112 ποιῶν
355 2060 457 2112 οὐκ
494 2061 740 2129 ἠδίκουν.

265 2313 286 2351 1
322 2306 579 2353 κατακλείει
605 2311 677 2353 VI
701 2309 823 2353 Fabr
865 2310 870 2367 Ι
913 2308 968 2364 μέ
997 2310 1083 2368 τις]
1116 2308 1288 2366 μέμψις
1318 2310 1363 2353 Β
1403 2311 1407 2364 Ι
1450 2309 1564 2364 ὑπὲρ
1599 2322 1674 2352 om
1698 2309 1768 2353 Ul

146 2373 170 2410 2
212 2366 424 2424 ἀτυχίαις
461 2368 584 2411 Fabr
624 2370 630 2424 Ι
673 2368 789 2424 αὐτὴ
825 2369 1061 2413 ΟΑΡΒΜ
1066 2369 1109 2412 V
1135 2368 1203 2411 Re
1346 2372 1371 2410 3
1405 2367 1449 2411 οἱ
1492 2368 1583 2411 edd
1624 2369 1629 2424 Ι
1672 2368 1824 2411 αὐτῶν

145 2427 418 2493 ΑΡΒΠΜΟ
449 2427 571 2471 Fabr
661 2432 688 2470 4
721 2426 892 2481 οἴκους,
925 2427 966 2471 εἰ
998 2441 1099 2471 corr
1130 2441 1185 2471 ex
1217 2427 1397 2470 οἰκοῦσι
1431 2426 1493 2470 0¹¹
1568 2426 1745 2470 οἰκοῦσι
1778 2427 1823 2470 Α

147 2487 193 2528 et
218 2487 302 2530 Mo
333 2485 381 2528 in
407 2498 540 2543 marg
607 2503 662 2543 γρ
695 2486 853 2536 οἴκους
875 2486 958 2530 A
945 2501 994 2529 ln
1025 2500 1158 2543 marg
1185 2487 1190 2542 Ι
1219 2485 1277 2542 δὴ
1311 2499 1412 2529 corr
1442 2485 1491 2528 in
1515 2488 1589 2530 δεῖ
1612 2486 1674 2529 0¹¹
1699 2487 1745 2528 et
1769 2484 1826 2529 1²

205 2545 280 2588 δεῖ
301 2544 397 2588 PV
417 2546 423 2600 Ι
451 2561 532 2596 ους
553 2544 603 2588 in
627 2544 784 2595 οἴκους
814 2545 863 2588 in
886 2559 962 2589 ras
987 2545 1059 2589 P4
1172 2550 1197 2588 6
1222 2545 1277 2588 οὗ
1303 2546 1411 2587 ante
1433 2542 1673 2600 τρέμοντες
1702 2544 1827 2588 inser

147 2603 238 2646 edd
361 2607 412 2646 11
439 2603 509 2661 δὲ]
543 2602 596 2648 δέ
617 2620 687 2654 τις
710 2605 831 2647 Fabr
857 2605 922 2662 'p
925 2607 998 2648 ost
1029 2621 1093 2648 ων
1123 2616 1284 2647 rasura
1315 2604 1451 2658 quaint
1513 2602 1826 2647 rlitterarum

146 2662 196 2705 in
227 2663 262 2705 I
405 2666 458 2705 12
491 2661 691 2720 κατεβόα
722 2663 845 2707 Fabr
886 2620 922 2719 {p
941 2671 1077 2707 νειῶν
1108 2662 1377 2706 MSchmidt
1407 2661 1572 2705 Philo.
1606 2662 1647 2704 X
1680 2666 1766 2706 590

149 2726 202 2763 13
242 2717 357 2764 καθ’
395 2719 589 2765 ἕκαστον
629 2722 744 2779 ἔτος]
787 2720 888 2765 κατ’
927 2722 1026 2773 ἔτος
1062 2722 1185 2765 Fabr
1340 2725 1395 2763 14
1434 2720 1533 2771 ἔτος
1579 2733 1653 2763 om
1703 2723 1775 2766 UI

149 2784 203 2823 16
234 2779 318 2836 τὴν
350 2779 551 2837 σπορὰν]
599 2780 679 2824 τὸν
719 2788 846 2824 σῖτον
878 2783 912 2825 Ι
937 2783 984 2825 et
1024 2781 1069 2825 U
1100 2781 1181 2824 sed
1221 2780 1270 2823 in
1308 2779 1396 2822 hoc
1436 2786 1478 2822 ῐτ
1517 2793 1618 2823 eras
1661 2780 1666 2838 Ι
1710 2779 1824 2835 αυτὴ

156 2838 199 2882 U
283 2838 400 2894 αὐτη
435 2840 596 2883 BIMo
686 2840 802 2896 αὐτῇ
837 2842 898 2884 Μ
1015 2844 1068 2882 17
1101 2836 1276 2883 κλαίειν
1300 2837 1423 2881 Fabr
1512 2837 1670 2882 κλαειν
1695 2839 1762 2881 Re

150 2900 204 2939 18
236 2897 352 2952 πρὸς
364 2899 519 2998 fflo
495 2898 501 2953 Ι
537 2897 832 2954 διακειμένην
865 2900 909 2942 Β
1039 2902 1094 2941 20
1127 2895 1342 2953 δαίμοσιν
1378 2883 1583 2942 ΟΑΒΜ
1592 2900 1597 2953 Ι
1626 2895 1672 2940 δ’
1700 2898 1766 2940 Re

147 2953 192 2998 τ’
229 2956 331 2999 oom‘
414 2956 574 2999 onnier
