2026 3168
227 539 428 602 ΒΙΟΣ
475 541 537 601 Η
582 541 789 601 ΠΕΡΙ
833 541 1010 600 ΤΗΣ
1054 539 1400 601 ΕΑΤΤΟΤ
1445 539 1754 600 ΤΥΧΗΣ.
1783 523 1922 608 Rp.1

263 716 308 768 1.
364 717 503 778 Τοὺς
542 715 603 768 δὲ
632 713 757 784 περὶ
789 722 884 784 τῆς
915 713 1045 783 ἐμῆς
1073 715 1240 790 τύχης
1270 714 1336 767 οὐ
1368 715 1435 766 τὰ
1466 715 1648 766 εἰκότα
1680 712 1841 777 δοξά-

149 817 366 872 σαντας,
398 802 523 858 οὔθ’
549 803 673 857 ὅσοι
695 822 762 871 με
793 802 1107 874 ἀνθρώπων
1139 800 1632 870 εὐδαιμονέστατον
1656 798 1803 855 εἷναί
1825 800 1833 859 i

148 907 321 961 φασιν
368 890 473 945 ἀπὸ
519 892 732 945 τούτων
772 892 838 960 δὴ
878 901 990 944 τῶν
1036 889 1124 944 ἐπὶ
1163 898 1278 952 τοῖς
1315 892 1500 959 λόγοις
1539 890 1806 961 θορύβων
1837 903 1919 948 Rs

150 979 277 1035 οὔθ’
325 980 446 1034 ὅσοι
490 989 603 1033 τῶν
648 982 828 1034 ὄντων
874 979 1220 1033 ἀθλιώτατον
1267 978 1373 1032 ἀπὸ
1422 987 1534 1032 τῶν
1585 988 1835 1048 συνεχῶν

150 1070 217 1138 δὴ
287 1068 507 1122 ὀδυνῶν
578 1067 668 1122 καὶ
729 1070 941 1137 πόνων,
1009 1069 1234 1121 τούτοιν
1309 1071 1504 1120 τοίνυν
1573 1066 1835 1138 ἑκατέραν
1881 1090 1901 1122 5

147 1166 273 1212 ταῖν
302 1161 515 1227 ψήφοιν
545 1166 640 1226 τῆς
670 1156 932 1225 ἀληθείας
971 1155 1416 1225 ἀπενηνεγμένην
1448 1155 1835 1227 ἐπανορθῶσαι

147 1245 437 1315 πειρατέον
484 1247 733 1315 διηγήσει
778 1255 890 1298 τῶν
934 1265 992 1298 τε
1045 1243 1410 1315 ὑπαρξάντων
1455 1243 1573 1312 ἐμοὶ
1619 1254 1731 1298 τῶν
1776 1265 1835 1299 τε

148 1337 227 1387 ἔτι
272 1342 380 1388 νῦν
425 1336 620 1403 ὄντων,
674 1334 747 1396 ὡς
793 1334 991 1387 εἰδεῖεν
1038 1334 1296 1401 ἅπαντες,
1352 1333 1435 1386 ὅτι
1488 1353 1581 1400 μοι
1627 1334 1694 1386 τὰ
1738 1342 1835 1403 τῆς

146 1424 312 1492 τύχης
374 1422 638 1492 ἐκέρασαν
700 1424 754 1476 οἱ
813 1421 940 1476 θεοὶ
1001 1421 1089 1475 καὶ
1154 1423 1280 1475 οὔτε
1346 1421 1835 1489 εὐδαιμονέστατος

147 1584 192 1628 Α
224 1605 279 1620 =
312 1583 457 1627 codex
486 1583 789 1640 Augustanus
821 1581 1130 1640 (Monacensis
1162 1597 1229 1640 gr.
1262 1584 1367 1639 483)

149 1643 188 1688 G
223 1664 278 1679 =
311 1641 456 1687 codex
488 1642 733 1687 Chisianus

146 1701 194 1745 P
224 1723 279 1739 =
313 1701 458 1745 codex
488 1701 732 1746 Palatinus
765 1700 887 1757 (Vat.
920 1700 1017 1743 Pal.
1052 1715 1119 1758 gr.
1154 1702 1256 1757 282)

146 1760 192 1804 Β
224 1781 280 1797 =
313 1760 459 1804 codex
488 1760 770 1804 Barberinus
800 1760 845 1803 ΙΙ
876 1764 929 1803 41

154 1819 199 1862 V
226 1840 280 1855 =
312 1819 458 1862 codex
487 1819 862 1863 Vindobonensis
893 1818 1007 1875 phil.
1041 1833 1108 1875 gr.
1141 1817 1283 1863 XCIII

147 1878 192 1922 L
223 1900 277 1914 =
312 1878 457 1921 codex
487 1878 826 1922 Laurentianus
857 1878 980 1921 LVII
1011 1882 1067 1921 20

145 1936 263 1980 Plan
286 1958 341 1974 =
367 1936 559 1981 Maximi
585 1937 808 1980 Planudis
834 1937 883 1980 in
908 1936 1066 1980 codice
1091 1935 1476 1994 Heidelbergensi
1504 1941 1587 1981 129
1613 1938 1831 1993 excerpta

144 1995 257 2039 Ferr
294 1996 342 2039 in
381 2009 515 2052 marg
554 2018 609 2033 -—--
642 1995 865 2040 lectiones
907 1995 1110 2053 margini
1153 1995 1431 2052 exemplaris
1474 1996 1567 2040 mei
1611 1995 1829 2040 editionis

410 2054 716 2099 Ferrariensis
750 2054 1016 2111 adscriptae
1047 2055 1122 2111 (cf.
1154 2070 1199 2111 p.
1226 2058 1300 2111 68)

145 2113 246 2158 Mor
277 2136 331 2150 =
366 2113 509 2158 editio
542 2113 818 2158 Morelliana

147 2172 215 2216 Re
248 2195 303 2210 =
335 2172 555 2217 Reiskius

261 2319 445 2364 Titulus
473 2323 519 2364 et
543 2320 732 2364 initium
756 2315 979 2364 'orationis
1003 2334 1151 2376 usque
1183 2320 1244 2363 ad
1270 2318 1436 2375 ἑτέρων
1460 2317 1520 2364 αὖ
1547 2323 1618 2376 89,
1637 2325 1690 2364 11
1717 2321 1830 2364 duo-

145 2377 232 2422 bus
257 2379 382 2423 foliis
408 2379 592 2423 amissis
615 2380 746 2424 deest
769 2380 816 2423 in
835 2380 879 2423 A
944 2381 1095 2423 ΒΙΟΣ
1107 2406 1165 2411 -
1187 2380 1420 2437 ΤΥΧΗΣ]
1444 2380 1551 2436 περὶ
1566 2385 1646 2436 τῆς
1663 2379 1830 2424 ἑαυτοῦ

143 2437 280 2495 τύχης
336 2437 385 2495 μ’
429 2441 490 2493 Β,
541 2438 666 2482 rubr.
707 2437 765 2482 τὰ
804 2435 919 2482 καθ’
956 2437 1123 2483 ἑαυτον
1155 2437 1288 2495 λόγος
1316 2445 1499 2494 πρῶτος
1523 2439 1567 2482 V
1681 2443 1706 2481 2
1737 2445 1830 2482 τῶν
1864 2459 1869 2463 -

148 2496 415 2552 ἀνθρώπων
447 2498 559 2543 Ferr
588 2498 638 2541 in
675 2511 810 2554 marg
839 2497 909 2541 Re
1045 2502 1069 2540 5
1103 2497 1160 2554 δὴ
1192 2498 1242 2541 in
1279 2511 1354 2541 ras
1387 2497 1451 2542 P²
1483 2511 1558 2541 om
1589 2498 1692 2542 Mor
1718 2497 1785 2541 Re

149 2555 380 2601 κινδύνων
410 2556 520 2601 libri
552 2558 600 2601 eb
621 2557 733 2601 Ferr
765 2556 863 2615 (sed
890 2555 1071 2600 ὀδυνῶν
1094 2556 1145 2599 in
1167 2559 1318 2615 marg)
1385 2555 1566 2601 ὀδύνων
1589 2556 1682 2601 Van
1707 2560 1790 2600 939

146 2610 305 2658 τοίνυν
337 2616 501 2673 omV}
537 2614 779 2671 ἑκατέραιν
806 2616 844 2661 0
871 2615 953 2659 sed
986 2631 1002 2658 ι
1034 2627 1215 2659 erasum
1245 2630 1367 2660 man.
1400 2628 1489 2659 rec.
1515 2617 1571 2671 (s)
1601 2616 1749 2660 restit.
1783 2617 1831 2659 et

147 2671 237 2715 edd
349 2679 375 2717 6
405 2682 511 2718 ταῖν
544 2675 599 2728 Ρ,
633 2675 715 2717 sed
747 2682 800 2718 αῖ
828 2674 897 2717 m⁴
927 2674 977 2716 in
1007 2687 1083 2718 ras
1117 2676 1124 2731 Ι
1165 2673 1351 2732 ψήφοιν
1382 2676 1436 2728 Ρ,
1471 2674 1552 2717 sed
1585 2676 1748 2718 acutus
1779 2674 1828 2717 in

143 2742 221 2774 ras
259 2733 306 2775 et
343 2749 359 2776 ι
396 2733 467 2776 m²
515 2735 521 2793 1
570 2734 622 2778 τὸ
662 2739 743 2790 τῆς
781 2731 1008 2790 ἀληθείας
1046 2732 1420 2792 ἀπενηνεγμένον
1468 2733 1536 2777 Re
1582 2733 1826 2776 Animadv.

142 2817 380 2875 Wyttenb.
408 2822 417 2879 Ι
440 2822 526 2879 τὴν
552 2828 633 2879 τῆς
662 2820 890 2879 ἀληθείας
919 2821 1295 2879 ἀπενηνεγμένην
1320 2822 1388 2866 Re
1415 2824 1422 2879 Ι
1449 2808 1827 2879 ἀπενηνεγμενῆιν

146 2879 209 2933 (οι
231 2891 352 2923 man.
377 2893 466 2929 rec.
494 2881 555 2939 [s]
581 2883 827 2939 suprascr.)
854 2882 901 2935 G,
934 2879 1327 2939 ἀπενηνεγμένοιν
1350 2881 1463 2924 Ferr
1485 2882 1535 2924 in
1557 2880 1793 2939 margMor
1818 2880 1824 2938 Ι

149 2935 579 2993 ἐπανορθώσασθαι
603 2940 646 2983 L
752 2944 778 2983 8
810 2946 890 2996 τῆς
920 2954 996 2984 om
1021 2939 1128 2985 GP*
