2026 3168
180 130 209 182 7
215 130 248 182 2
718 128 944 173 LIBANH
976 128 1317 174 ORATIONES

290 269 488 318 Codices
540 270 904 317 Laurentianus
957 268 1098 316 LVH
1150 270 1234 330 27,
1287 267 1532 331 Patmius,
1585 269 1858 318 Vaticanus

181 345 302 404 939,
355 343 738 405 Neapolitanus,
784 343 1059 390 Vaticanus
1109 343 1200 402 82,
1252 341 1510 390 Parisinus
1554 344 1703 392 ‘3016
1759 358 1859 391 non

176 420 235 465 ut
271 419 511 478 recentes,
563 415 648 464 sed
684 419 742 464 ut
783 416 1063 463 temeritate
1104 418 1153 463 et
1193 416 1394 464 levitate
1432 417 1747 464 librariorum
1785 417 1859 463 ni-

175 492 270 539 mis
325 491 607 552 depravati,
670 489 1097 552 praetermittendi
1156 491 1282 537 sunt.
1383 489 1544 538 Codex
1599 488 1858 538 Chisianus

177 581 274 613 non
314 565 472 612 solum
509 566 554 625 f,
604 564 688 612 sed
736 563 885 611 etiam
931 564 963 611 d
1009 563 1294 627 apographo
1340 563 1720 627 redintegrando
1769 580 1861 626 par

180 641 273 699 est,
322 653 475 700 aeque
524 639 672 700 atque
711 638 1031 702 Augustanus
1072 653 1184 684 cum
1222 636 1451 685 Palatino
1498 638 1782 702 apographo
1823 652 1858 686 e.

177 712 345 760 Etiam
402 712 701 759 Barberinus
759 712 864 760 sine
916 727 1096 775 magno
1153 711 1446 759 detrimento
1499 711 1560 758 ab
1616 714 1862 773 apparatu

177 785 347 834 abesse
378 787 558 847 posset,
590 786 688 833 nisi
716 787 879 833 totum
909 786 1011 833 fere
1044 800 1219 846 corpus
1249 801 1451 846 operum
1474 784 1861 833 Libanianorum

176 850 569 922 repraesentaret
608 862 658 907 et
694 860 748 906 in
794 874 891 907 uno
938 860 1078 919 teste,
1128 859 1419 920 praesertim
1467 874 1576 906 cum
1622 859 1861 907 nonnulla

99 989 104 993 ,
178 934 310 982 solus
349 933 600 995 praebeat,
640 948 840 995 operam
878 933 932 980 in
968 932 1045 980 his
1085 932 1301 994 undique
1342 932 1630 996 colligendis
1671 935 1720 980 et
1758 949 1860 981 cor-

176 1007 394 1072 rigendis
448 1008 663 1069 positam
716 1022 913 1055 noscere
971 1006 1197 1054 nonnihil
1250 1008 1522 1055 interesset.
1616 1005 1864 1063 Quattuor

176 1082 331 1146 igitur
368 1081 483 1128 libri
524 1079 782 1129 Ohisianus
824 1074 925 1147 (G),
964 1080 1277 1145 Augustinus
1312 1073 1419 1147 (A),
1457 1080 1720 1128 Palatinus
1761 1073 1862 1147 (P),

177 1155 477 1203 Barberinus
511 1148 600 1221 (B)
642 1155 983 1219 apographum
1018 1156 1044 1202 b
1077 1154 1399 1203 constituunt.
1464 1153 1704 1202 Similiter
1734 1153 1862 1202 Lau-

176 1229 430 1277 rentianus
469 1228 610 1276 LVH
651 1230 719 1276 20
761 1222 848 1295 (L)
889 1244 987 1276 non
1027 1229 1188 1276 solum
1227 1228 1290 1276 ad
1329 1229 1368 1288 Z,
1419 1228 1503 1276 sed
1542 1228 1692 1276 etiam
1733 1228 1795 1276 ad
1834 1229 1864 1276 k

179 1303 521 1368 apographum
569 1303 931 1351 restituendum
977 1302 1179 1365 sufficit,
1233 1305 1289 1350 ut
1326 1302 1719 1350 Vindobonensis
1769 1295 1861 1369 (V)

179 1377 467 1425 coniunctus
506 1393 616 1424 cum
653 1377 742 1424 illo
784 1376 847 1423 ad
886 1392 910 1425 c
949 1376 1303 1440 apographum.

288 1451 434 1499 Fides
471 1467 586 1499 vero
628 1450 903 1514 apographi
943 1451 969 1498 b
1007 1452 1061 1498 in
1099 1451 1382 1499 universum
1412 1450 1571 1497 maior
1603 1452 1677 1497 est
1711 1455 1867 1511 quam‘

179 1540 224 1588 c,
274 1538 575 1587 quamquam
619 1525 867 1587 permulta
904 1524 1030 1573 vitia
1068 1540 1167 1586 non
1205 1523 1332 1584 huic,
1373 1523 1456 1571 sed
1495 1523 1711 1571 librariis
1742 1523 1862 1570 Vin-

181 1598 473 1647 dobonensis
515 1602 564 1646 et
593 1598 920 1646 Laurentiani
961 1597 1179 1646 codicum
1219 1597 1373 1645 tribui
1411 1597 1601 1645 debent.
1671 1597 1864 1645 Nihilo-

178 1674 340 1720 minus
381 1673 517 1720 crisis
557 1672 798 1734 imprimis
839 1672 902 1719 ad
940 1673 1142 1720 lacunas
1181 1673 1234 1718 in
1267 1673 1293 1719 b
1327 1670 1588 1732 explendas
1619 1671 1672 1718 in
1703 1671 1862 1719 multo

179 1747 422 1794 deteriore
462 1750 589 1794 esset
635 1746 938 1806 condicione,
989 1745 1085 1793 nisi
1135 1747 1285 1793 etiam
1335 1745 1473 1792 illius
1521 1745 1794 1809 apographi
1841 1760 1865 1793 c

178 1822 476 1884 propagines
517 1820 580 1867 ad
617 1822 838 1868 nostram
877 1822 1092 1867 aetatem
1131 1820 1393 1867 venissent.

292 1967 509 2015 Maxima
548 1970 621 2015 est
660 1968 801 2030 copia
839 1967 1342 2027 testimoniorum,
1383 1965 1468 2014 sed
1498 1967 1551 2013 in
1581 1968 1864 2014 universum

179 2042 340 2089 minus
392 2057 448 2088 ex
493 2042 555 2089 iis
601 2042 726 2089 lucri
777 2041 839 2088 ad
889 2041 997 2089 loca
1048 2056 1250 2103 operum
1300 2042 1602 2088 servatorum
1651 2039 1863 2087 redinte-

181 2115 371 2180 granda
411 2131 558 2176 quam
598 2114 660 2162 ad
699 2116 978 2178 fragmenta
1016 2114 1382 2177 deperditorum
1422 2113 1714 2175 expiscanda
1753 2114 1864 2174 capi

183 2188 511 2237 confitendum
551 2191 646 2249 est,
694 2204 993 2250 quamquam
1033 2189 1182 2236 etiam
1229 2188 1454 2235 cautione
1501 2202 1621 2249 opus
1661 2188 1755 2248 est,
1802 2202 1862 2233 ne

183 2263 348 2310 omnia
387 2278 512 2324 quae
551 2265 603 2309 in
642 2263 742 2310 illis
795 2262 883 2311 sub
923 2262 1121 2310 Libanii
1165 2263 1361 2309 nomine
1408 2261 1644 2321 citantur,
1692 2260 1736 2307 ei
1775 2261 1862 2307 tri-

180 2336 401 2384 buamus.
493 2336 640 2383 Haud
693 2351 806 2385 raro
860 2336 1012 2384 verba
1067 2336 1107 2383 si
1160 2336 1322 2383 minus
1374 2335 1678 2394 memoriter,
1733 2335 1862 2382 certe

181 2403 356 2473 parum
406 2409 669 2474 diligenter
718 2410 915 2472 prolata
965 2400 1091 2458 sunt.
1169 2409 1236 2456 Et
1280 2408 1516 2455 Libanius
1565 2422 1863 2468 quamquam

181 2499 436 2544 nunquam
475 2484 574 2547 legi
614 2483 798 2532 desitus
838 2485 925 2543 est,
963 2485 1130 2530 tamen
1170 2484 1333 2529 aetate
1368 2480 1562 2528 demum
1594 2481 1862 2543 posteriore

181 2558 234 2603 in
274 2572 473 2604 numero
513 2557 610 2603 fuit
649 2557 941 2618 scriptorum
972 2557 1284 2619 potissimum
1316 2555 1616 2621 dilectorum.
1686 2554 1862 2615 Itaque

184 2631 226 2689 si
265 2631 446 2690 excipis
485 2629 720 2678 Ioannem
758 2630 1032 2692 Doxapatri
1072 2629 1355 2676 Siceliotam
1392 2621 1636 2675 rhetorem
1680 2627 1863 2675 saeculi

182 2703 275 2764 XI,
331 2703 414 2764 qui
468 2702 715 2751 habitasse
770 2703 1003 2751 dicendus
1058 2705 1132 2750 est
1184 2702 1236 2748 in
1290 2701 1519 2762 Libanio,
1569 2703 1861 2749 vetustiores

185 2777 445 2838 scriptores
485 2792 596 2824 raro
636 2778 829 2823 tantum
869 2777 978 2824 loca
1017 2776 1119 2823 eius
1157 2775 1491 2837 protulerunt,
1540 2775 1598 2821 ut
1638 2774 1860 2822 Socrates

98 2893 105 2900 .
185 2851 235 2897 et
274 2849 566 2898 Sozomenus
603 2849 1010 2912 historiographi,
1049 2849 1290 2896 Maximus
1331 2847 1603 2907 Confessor,
1641 2847 1861 2908 Photius,

186 2922 384 2984 Suidas,
423 2923 638 2971 Basilius
680 2921 1032 2983 Caesareensis',
1071 2922 1280 2970 Ioannes
1320 2922 1532 2982 Tzetzes,
1570 2921 1860 2969 Eustathius
