2026 3168
224 132 293 186 38
526 125 528 127 ’
761 131 987 175 LIBANII
1017 130 1356 176 ORATIONEs

222 290 373 321 manu
413 271 626 320 eiusdem
666 272 902 334 temporis
940 271 1119 319 litteris
1158 271 1504 319 minutioribus
1544 273 1771 320 exaratus
1812 274 1897 319 est.

221 347 280 394 In
335 347 455 394 folio
513 347 645 394 310V
675 347 956 407 computus
1009 344 1281 393 calendaris
1342 361 1493 392 manu
1546 345 1730 393 saeculi
1783 345 1900 392 XIV

222 421 433 482 scriptus
473 421 559 466 est.
955 419 959 423 '

334 493 567 555 Sequitur
604 492 782 540 folium
818 508 973 539 unum
1011 484 1168 558 (311)
1211 508 1412 540 numero
1459 493 1658 554 privum
1702 494 1755 539 in
1801 508 1897 555 quo

222 568 403 629 scripta
450 568 567 614 sunt
612 581 763 613 manu
811 565 993 613 saeculi
1030 565 1148 612 XIV
1187 565 1273 613 sed
1311 581 1340 612 a
1378 566 1498 615 folio
1539 568 1671 615 310v
1708 565 1899 615 diversa

221 641 436 702 epistula
468 640 667 687 Libanii
704 640 943 700 inscripta
975 637 1205 687 ἰουλιανῶ
1238 633 1334 706 (=
1366 656 1439 701 ep.
1472 633 1637 706 1225)
1671 642 1719 687 et
1749 656 1900 690 manu

221 714 404 762 saeculi
433 714 525 761 XV
557 714 772 776 epistula
803 713 1002 761 Libanii
1036 714 1118 774 76,
1158 713 1242 761 sed
1272 713 1420 760 titulo
1450 714 1606 775 priva.
1677 713 1898 775 Sequun-

218 790 301 836 tur
349 804 500 835 manu
551 803 675 850 quae
730 787 944 850 priorem
991 787 1254 848 epistulam
1309 788 1503 849 scripsit
1546 788 1697 836 verba
1749 794 1806 851 τῆ
1855 783 1899 835 δ’

218 860 306 910 τοὺ
339 862 489 925 μαΐου
520 859 677 925 μηνὸς
707 858 962 927 ἠρξάμεθα
993 859 1078 910 τὸν
1109 859 1255 926 λόγον
1287 866 1373 908 τοῦ
1403 860 1625 925 λιβανίου
1656 860 1741 911 τὸν
1772 865 1898 909 καθ-

218 953 436 997 εαντονε,
468 951 619 983 manu
651 937 818 983 autem
846 950 971 996 quae
1001 935 1209 982 alteram
1237 935 1499 996 epistulam
1531 936 1743 999 scripsit,
1773 935 1897 997 epis-

218 1010 328 1058 tula
353 1009 644 1057 Demetrii
675 1014 777 1057 τοῦ
808 1007 1070 1072 κυδώνη·
1115 1003 1245 1056 τοῦτ’
1281 1005 1342 1056 ἂν
1373 1007 1449 1072 εἴη
1480 1007 1656 1074 χρύσεα
1686 1007 1898 1074 χαλκέων

218 1081 538 1131 ἀλλάττεσθαι
585 1082 682 1135 des,
729 1080 1046 1146 ἀμειψόμεθα
1091 1086 1196 1140 ταῖς
1244 1084 1423 1146 σκιαῖς,
1478 1098 1603 1144 quae
1650 1083 1799 1130 etiam
1846 1083 1897 1130 in

220 1157 334 1205 aliis
372 1157 660 1205 Libanianis
702 1156 963 1218 codicibus,
1002 1158 1059 1204 ut
1095 1156 1291 1204 Patmio
1357 1173 1402 1203 n.
1439 1149 1510 1222 7),
1540 1156 1654 1204 Vat.
1687 1174 1756 1220 gr.
1792 1158 1895 1206 939

218 1225 287 1371 ἓῐι.
330 1223 409 1298 8),
455 1230 569 1278 Vat.
617 1247 688 1294 gr.
731 1231 798 1278 82
848 1224 918 1298 (n.
962 1232 1029 1279 10
1077 1231 1137 1278 cf.
1185 1247 1232 1292 p.
1277 1149 1414 1296 538,v
1441 1230 1587 1278 Laur.
1640 1230 1780 1278 LVII
1828 1232 1894 1278 27

243 1322 289 1352 n.
325 1298 418 1371 12)
466 1298 736 1371 occurritl)

328 1378 436 1427 Hoc
483 1379 649 1427 codice
699 1380 755 1426 ut
805 1378 916 1426 aliis
964 1377 1291 1427 bibliothecae
1340 1376 1606 1425 Caesareae
1655 1393 1774 1426 usus
1825 1380 1926 1431 est.

216 1452 620 1501 bibliothecarius
643 1453 930 1501 Nicolaus
954 1451 1230 1501 Forlosia
1253 1451 1611 1514 Neapolitanus
1645 1445 1704 1518 (†
1731 1446 1896 1517 1758)

218 1526 282 1574 ad
332 1526 598 1574 editionem
646 1527 996 1574 nonnullarum
1047 1525 1328 1573 orationum
1366 1525 1563 1573 Libanii
1609 1525 1898 1588 parandam,

218 1603 275 1647 ut
313 1600 473 1648 elucet
511 1617 536 1647 e
576 1600 765 1648 schedis
811 1600 926 1662 huic
974 1599 1170 1662 quidem
1218 1599 1372 1648 codici
1417 1599 1595 1647 insutis
1642 1602 1691 1647 et
1735 1600 1897 1661 poste-

217 1674 345 1722 riore
390 1690 543 1722 manu
589 1674 897 1736 subscriptis:
952 1675 1197 1722 Memoria
1232 1688 1326 1733 per
1364 1673 1591 1722 Forlosia
1634 1672 1767 1721 Caes,
1808 1674 1897 1721 Bi-

219 1748 427 1797 blfiothec.
505 1747 631 1795 Sunt
671 1749 699 1796 6
740 1749 876 1810 folia,
916 1763 1123 1810 quorum
1160 1747 1213 1794 in
1252 1747 1462 1795 secundo
1501 1747 1705 1810 legitur:
1746 1748 1898 1795 Liba-

215 1823 291 1870 nii
319 1821 569 1883 Sophistae
607 1823 845 1870 orationes
885 1838 916 1869 a
946 1822 1199 1870 Friderico
1229 1821 1455 1869 Morellio
1491 1835 1591 1869 non
1629 1822 1782 1870 editas
1813 1824 1899 1869 ant

215 1898 296 1944 sui
328 1897 508 1944 ¹codicis
538 1895 649 1943 MS.
687 1898 802 1944 vitio
839 1909 1061 1956 mancas,
1101 1909 1182 1943 eas
1221 1910 1244 1943 e
1274 1894 1385 1942 MS.
1417 1894 1738 1943 Bibliothecae
1767 1894 1895 1956 Any.

216 1971 399 2031 inteyro
438 1970 594 2018 codice
633 1972 862 2030 exscripsi
900 1985 957 2018 ac
993 1970 1044 2016 in
1077 1969 1284 2017 latinum
1314 1970 1498 2017 idioma
1535 1969 1762 2017 transtuli
1800 1969 1897 2017 edi-

217 2044 356 2092 'twrus
387 2059 496 2092 cwm
517 2043 853 2104 Supplemento
886 2044 951 2091 ad
977 2041 1353 2091 Commentarios
1375 2043 1726 2091 Lambecianos
1749 2041 1896 2090 Anno

220 2120 290 2165 17
295 2119 377 2164 40.
444 2116 540 2164 Sed
576 2119 849 2166 necessaria
886 2131 972 2176 ope
1009 2117 1259 2165 destitutus
1297 2118 1525 2165 hactenus
1561 2117 1767 2177 nequivi.
1821 2118 1896 2163 in-

217 2194 346 2238 terea
379 2188 624 2238 Antonius
655 2191 1000 2251 Bonqiovanni
1025 2190 1227 2239 Venetus
1266 2191 1455 2239 easdem
1483 2190 1741 2249 plerasque
1771 2191 1897 2250 typis

217 2265 434 2325 vulyavit
466 2265 671 2313 Venetiis
715 2278 843 2312 anno
886 2262 1086 2312 GIOIO
1097 2263 1372 2313 OCLIIII.
1448 2265 1596 2311 Hanc
1644 2264 1896 2311 editionem

218 2353 327 2386 cwm
365 2353 396 2386 a
433 2353 507 2385 me
546 2340 777 2398 exscripto
823 2338 979 2386 codice
1025 2339 1225 2393 contuli,
1277 2341 1320 2385 et
1361 2340 1602 2396 sequentes
1650 2338 1895 2384 variantes

218 2411 438 2459 lectiones
476 2413 616 2460 hasce
653 2412 887 2460 adnotare
914 2426 1008 2471 per
1046 2413 1196 2460 otium
1232 2411 1383 2459 libuit.
1438 2425 1610 2470 sequor
1647 2414 1806 2458 autem
1842 2412 1896 2458 in

217 2486 280 2532 iis
319 2486 624 2544 excerpendis
660 2499 760 2533 non
803 2487 1143 2545 manuscripti,
1196 2485 1279 2532 sed
1323 2487 1514 2532 venetae
1559 2484 1779 2531 editionis
1817 2497 1896 2530 or-

218 2558 379 2605 dinem
418 2558 463 2605 et
489 2560 719 2618 paqinas.
795 2557 1077 2620 Sequuntur
1117 2558 1349 2605 lectiones
1389 2557 1734 2621 discrepantes.
1804 2557 1896 2604 Re·-

217 2630 406 2692 liquam
447 2632 611 2678 autem
643 2631 891 2679 Forlosiae
932 2647 1131 2693 operam
1165 2632 1325 2692 ipsam
1356 2622 1550 2678 exhibet
1581 2630 1730 2678 codex
1753 2629 1896 2676 Vin-

219 2703 251 2750 d
262 2719 288 2750 o
299 2703 343 2752 b.
393 2703 494 2750 lat.
547 2705 685 2752 9756
699 2706 726 2730 ⁴⁶
774 2698 845 2771 (N
848 2720 921 2753 ov.
965 2698 1056 2770 52)
1107 2705 1393 2764 inscriptus:
1447 2703 1695 2767 Λιβανίου
1735 2706 1895 2766 Σοφι-

219 2783 335 2824 στοῦ
375 2775 508 2841 λόγοι
546 2774 686 2825 ἐννέα
717 2775 799 2825 καὶ
831 2775 962 2841 δέκα,
1001 2793 1210 2837 quarum
1242 2778 1397 2824 XIII
1419 2779 1643 2826 hactenus
1675 2778 1895 2832 ineditae,
1996 2842 1999 2843 ⁷

342 2933 383 2988 1)
417 2930 483 2976 cf.
515 2930 639 2975 infra
668 2947 713 2988 p.
740 2936 809 2976 42.
