2026 3168
165 116 198 169 6
697 114 924 159 LIBANII
956 113 1296 159 ORATIONES

280 257 324 303 7.
371 253 547 314 Οὐδεὶς
587 251 639 303 δὲ
678 261 774 303 τῶν
813 253 1157 318 συμμιξάντων
1196 254 1423 345 Λιβανίω
1463 253 1546 303 καὶ
1583 254 1850 314 συνουσίας

165 326 478 388 ἀξιωθέντων
516 326 743 392 ἀπῆλθεν
781 325 1010 392 ἅδηκτος,
1049 325 1169 375 ἀλλὰ
1207 327 1259 377 τό
1298 346 1345 376 τε
1384 305 1514 392 ηθος
1551 326 1709 388 εὐθὺς
1747 323 1877 387 0269„

164 420 236 462 τις
275 394 339 493 ἠν
378 401 603 468 ἔγνωστο,
643 399 725 450 καὶ
763 401 988 450 συνεῖδεν
1027 399 1180 450 αὐτοῦ
1218 402 1275 449 τά
1313 397 1408 467 [τε]
1449 409 1534 466 τῆς
1569 409 1736 467 ψυχῆς
1768 400 1850 451 ἐπί

165 494 213 526 τε
252 475 304 526 τὸ
344 480 505 542 χεῖρον
543 473 626 523 καὶ
664 474 716 525 τὸ
756 478 974 541 κρεῖττον
1011 473 1244 540 ῥέποντα,
1294 473 1376 523 καὶ
1414 482 1643 535 τοσοῦτος
1693 468 1757 540 ἠν
1801 475 1851 535 ἐς

122 566 143 600 5
167 548 257 614 τὴν
295 549 472 598 πλάσιν
510 547 593 597 καὶ
631 548 723 613 τὴν
761 548 884 615 πρὸς
923 548 1142 608 ἅπαντας
1182 547 1483 613 ἐξομοίωσιν,
1530 549 1648 599 ὥστε
1696 547 1722 598 ὅ
1762 547 1851 613 μὲν

166 623 419 682 πολύπους
469 626 616 690 λῆρος
665 620 903 688 ἠλέγχετο,
958 629 1056 671 τῶν
1106 620 1157 671 δὲ
1209 621 1604 688 συγγιγνομένων
1654 622 1851 683 ἕκαστος

166 695 313 746 ἄλλον
359 695 534 746 ἑαυτὸν
582 693 702 763 ὁρᾶν
748 695 1103 761 ὑπελάμβανεν.
1184 698 1228 746 8.
1285 695 1501 758 ἔφασκον
1539 704 1662 763 γοῦν
1701 696 1851 748 αὐτὸν

166 771 217 820 οἱ
250 769 594 837 πεπειραμένοι
633 770 818 819 πίνακά
855 787 964 819 τινα
1010 768 1091 819 καὶ
1139 768 1392 836 ἐκμαγεῖον
1438 765 1562 820 εἶναι
1607 771 1852 821 παντοδα-

164 852 272 893 πῶν
318 842 465 909 ἠθῶν
511 842 594 893 καὶ
643 844 897 909 ποικίλων,
952 840 1060 894 οὐδ’
1104 841 1166 893 ἂν
1211 843 1312 908 ’ἥλω
1363 842 1477 893 ποτὲ
1527 847 1720 894 πολλῶν
1769 843 1852 894 καὶ

99 937 142 968 10
167 918 422 985 διαφόρων
462 918 871 982 συνεληλυθότων
911 917 1003 988 ὅτῳ
1052 921 1235 982 μᾶλλον
1280 916 1521 985 τέρπεται,
1568 917 1687 967 ἀλλὰ
1731 917 1852 968 κάπὶ

98 1305 139 1338 15

97 1675 139 1707 20

165 995 268 1051 τοῖς
307 991 546 1051 ἐναντίοις
585 991 809 1060 ἐπῃνεῖτο
849 991 982 1083 παρὰ
1019 999 1116 1041 τῶν
1155 991 1240 1042 τὸν
1279 990 1502 1042 ἐναντίον
1539 991 1852 1080 ἐλαυνόντων

165 1066 294 1131 βίον,
332 1064 414 1115 καὶ
453 1073 549 1126 πᾶς
587 1085 660 1125 τις
698 1064 850 1117 αὐτὸν
888 1065 946 1115 τὰ
984 1064 1192 1132 σφέτερα
1223 1066 1497 1130 θαυμάζειν
1527 1062 1656 1134 ᾠετο.
1725 1067 1852 1116 οὕτω

165 1139 490 1206 πολύμορφόν
529 1158 574 1189 τι
611 1147 773 1206 χρῆμα
810 1138 892 1189 καὶ
931 1138 1324 1206 ἀλλοπρόσαλλον
1356 1133 1433 1204 ἠν.
1495 1140 1656 1206 γάμου
1689 1138 1741 1189 δὲ
1771 1139 1852 1190 καὶ

165 1207 308 1272 ουτος
346 1212 571 1279 ἠμέλησε,
611 1213 740 1278 πλὴν
779 1213 869 1264 όσα
906 1233 959 1280 γε
997 1213 1128 1282 αὐτῷ
1167 1214 1295 1280 γυνή
1335 1232 1406 1273 τις
1445 1213 1601 1279 ξυνῆν
1633 1213 1724 1264 οὐκ
1756 1212 1851 1265 ἀπὸ

166 1284 337 1352 ὁμοίας
375 1295 462 1352 τῆς
500 1286 756 1347 ἀξιώσεως.

278 1364 322 1410 9.
370 1356 426 1411 Ὅ
471 1359 523 1411 δὲ
570 1361 711 1428 λόγος
758 1361 890 1430 αὐτῷ
937 1360 1046 1428 περὶ
1094 1359 1182 1426 μὲν
1233 1361 1317 1420 τὰς
1365 1360 1558 1426 μελέτας
1608 1365 1852 1421 παντελῶς

163 1433 381 1499 ἀσθενὴς
411 1433 494 1484 καὶ
524 1433 778 1500 τεθνηκὼς
809 1434 891 1484 καὶ
922 1433 1130 1500 ἄπνους,
1169 1434 1251 1484 καὶ
1283 1436 1597 1498 διαφαίνεταί
1624 1454 1676 1502 γε
1708 1430 1852 1495 οὗτος

164 1508 230 1573 μὴ
270 1507 580 1574 τετυχηκέναι
619 1508 935 1574 διδασκάλου,
973 1508 1056 1558 καὶ
1095 1508 1185 1576 γὰρ
1226 1508 1284 1558 τὰ
1314 1513 1510 1558 πλεῖστα
1542 1516 1639 1558 τῶν
1670 1517 1853 1559 κοινῶν

163 1581 243 1631 καὶ
283 1582 421 1632 παιδὶ
459 1583 719 1649 γνωρίμων
758 1582 867 1650 περὶ
906 1582 990 1643 τὰς
1030 1582 1225 1648 μελέτας
1264 1582 1454 1649 ἠγνόει,
1501 1582 1609 1649 περὶ
1649 1581 1702 1632 δὲ
1749 1582 1853 1632 ἐπι-

165 1656 335 1716 στολὰς
373 1655 455 1706 καὶ
494 1658 761 1717 συνουσίας
800 1655 961 1724 ἑτέρας
982 1658 1181 1720 ρἱκανῶς
1227 1656 1306 1706 ἐπὶ
1352 1657 1437 1707 τὸν
1483 1655 1687 1723 ἀρχαῖον
1734 1655 1850 1706 ἀνα-

164 1728 300 1796 φέρει
338 1729 420 1779 καὶ
460 1731 737 1797 διεγείρεται
776 1731 949 1796 τύπον,
988 1730 1071 1780 καὶ
1108 1730 1300 1798 χάριτός
1337 1749 1390 1797 γε
1429 1730 1558 1799 αὐτῷ
1586 1729 1667 1779 καὶ
1699 1750 1851 1795 κωμι-

162 1811 254 1868 κῆς
292 1805 594 1869 βωμολοχίας
632 1803 997 1870 ἀναπέπλησται
1034 1804 1093 1854 τὰ
1131 1805 1498 1871 συγγράμματα,
1538 1803 1620 1854 καὶ
1659 1802 1691 1868 ἠ
1731 1823 1850 1869 κομ-

162 1877 323 1942 ψότης
346 1877 606 1945 περιτρέχει
630 1879 899 1944 πανταχόσε
924 1877 1286 1943 διακονουμένη
1310 1883 1412 1938 τοῖς
1436 1879 1612 1944 λόγοις.
1674 1881 1741 1928 10
1770 1877 1851 1928 καὶ

285 2039 306 2077 1
342 2034 393 2079 δὲ
425 2049 512 2078 om.
547 2035 592 2079 A
634 2035 639 2093 Ι
692 2033 993 2092 συλλεγέντων
1025 2037 1070 2079 A
1193 2040 1217 2078 2
1255 2035 1426 2091 ἄδηλος
1459 2034 1664 2079 Gabaker
1695 2035 1756 2077 ad
1788 2034 1849 2077 M.

162 2094 332 2138 Anton
372 2109 416 2150 p.
452 2098 535 2137 333
577 2096 623 2138 et
653 2093 800 2138 Boiss.
907 2094 1109 2151 ἄληπτος
1139 2094 1457 2150 Wysstenbach
1502 2093 1752 2151 (Supplem.
1789 2093 1850 2136 ad

164 2166 267 2208 epp.
293 2152 562 2197 Ruhnkenii
593 2154 640 2197 et
663 2152 1030 2226 Wyttenbachii‚
1064 2153 1480 2210 Lugd.Bat.1847
1514 2168 1556 2207 p.
1584 2154 1671 2208 89),
1705 2154 1754 2195 ab
1788 2151 1845 2194 cf.

163 2211 283 2256 Plut.
310 2211 468 2269 Pomp.
497 2218 521 2255 2
555 2229 640 2257 ουκ
672 2206 731 2268 ἦν
765 2211 923 2271 ἐκείνῳ
956 2212 1441 2269 συναναπαυσαμένην
1473 2210 1684 2266 ἀδήκτως
1709 2210 1848 2254 ἀπελ-

162 2273 271 2314 θεῖν
392 2276 417 2314 3
451 2272 530 2315 καὶ
561 2274 842 2316 συνεῖδεν-
861 2257 1063 2328 ῥέποντα
1096 2286 1183 2315 0111.
1215 2271 1258 2314 L
1294 2274 1299 2327 Ι
1339 2274 1550 2316 συνεῖδεν
1582 2269 1747 2325 scripsi
1780 2282 1848 2312 se-

165 2329 367 2372 cundum
403 2329 643 2385 Wyttenb.
676 2330 706 2373 1.
732 2329 761 2373 l.
840 2337 1047 2388 συνεῖχεν
1079 2331 1126 2374 Α
1202 2336 1397 2386 συνῆκεν
1436 2329 1624 2386 Boiss.1
1658 2344 1706 2372 τε
1739 2341 1844 2371 ean-

165 2388 295 2431 cellis
327 2388 496 2431 inclusi
595 2394 620 2433 5
653 2389 769 2445 πρὸς
801 2388 1031 2447 ἅπαντας]
1065 2390 1130 2439 εἰς
1161 2388 1376 2442 ἑκάτερον
1408 2389 1453 2432 A
1554 2392 1579 2431 6
1610 2387 1847 2437 πολύπους

166 2460 253 2490 om.
270 2447 315 2490 A
355 2446 411 2490 cf.
430 2446 583 2491 locum
599 2448 883 2522 Theognidis
902 2452 986 2491 215
1005 2461 1144 2504 saepe
1162 2461 1189 2490 a
1205 2446 1453 2491 Plutarcho
1471 2446 1715 2490 laudatum
1741 2446 1846 2502 (vid.

165 2505 335 2562 Bergk)
365 2508 384 2580 Ι
412 2505 644 2564 ἠλέγχετο]
680 2502 737 2563 ἦν
769 2507 891 2551 αύτω
924 2507 970 2551 A
998 2510 1003 2564 1
1043 2504 1297 2573 συνιόντων
1329 2507 1374 2550 A
1474 2510 1496 2548 7
1531 2504 1647 2559 ὁρᾶν
1680 2504 1847 2549 ἑαυτὸν

167 2565 213 2608 A
277 2568 330 2606 10
357 2560 411 2607 ὧι
428 2565 473 2608 A
500 2565 506 2622 Ι
534 2566 614 2609 καὶ
639 2566 777 2610 ἐπὶΑ
841 2570 893 2608 12
919 2566 1062 2610 αυτὸν
1088 2564 1252 2621 scripsi
1277 2566 1463 2608 auctore
1489 2563 1660 2607 Cobeto
1677 2563 1845 2607 Mnem.

167 2621 273 2665 VIII
307 2627 359 2666 15
422 2624 575 2668 αὐτῶν
592 2624 683 2667 AL
762 2629 814 2667 16
850 2624 919 2668 De
952 2624 1060 2667 stilo
1092 2623 1277 2667 Libanii
1309 2637 1428 2678 quae
1459 2622 1698 2678 Eunapius
1732 2621 1847 2666 dicii:

167 2681 267 2724 iure
306 2681 400 2724 iam
431 2682 539 2724 Fed.
573 2682 792 2726 Morellus
833 2682 914 2737 qui
945 2683 1090 2726 vitam
1122 2682 1271 2726 edidit
1309 2681 1486 2739 (Liban.
1520 2681 1599 2724 t.1
1629 2682 1846 2754 p.1—5)‚

165 2739 576 2796 wyttenbachius,
619 2740 818 2785 Cobetus
849 2741 897 2784 11
931 2741 978 2784 11.
1011 2741 1372 2796 repudiaverunt
1467 2744 1522 2783 20
1562 2737 1776 2791 συνεσίας
1807 2743 1846 2797 (ε

165 2798 215 2842 in
255 2815 310 2842 ov
350 2813 461 2842 corr.
494 2798 580 2855 1112)
612 2801 658 2843 A
815 2804 867 2842 22
910 2798 1284 2855 καταπέπλησται
1316 2800 1360 2843 A
1526 2803 1580 2842 23
1622 2797 1845 2856 ἐπιτρέχει

168 2856 420 2911 Cobet1.1.‚
447 2859 497 2901 at
513 2857 568 2900 cf.
589 2857 780 2910 Quintil.
799 2858 903 2902 inst.
924 2872 986 2903 or.
1005 2858 1048 2901 H
1064 2863 1134 2912 21,
1155 2863 1178 2900 7
1203 2858 1470 2903 rhetoricam
1494 2863 1635 2902 artem
1658 2858 1845 2902 ‹timum-

167 2921 414 2962 cwrrentem
437 2922 720 2970 vocaverunt,
746 2917 864 2973 quod
887 2918 939 2961 in
962 2918 1085 2962 ommi
1109 2918 1299 2962 materia
1323 2916 1486 2962 diceret
1511 2918 1517 2973 1
1543 2922 1784 2973 πανταχοῦ
1801 2916 1847 2960 A
