2026 3168
680 168 907 212 LIBANII
941 167 1283 212 ORATIONES
1719 169 1823 221 251

145 306 300 374 λιμὸς
349 299 510 366 οὗτος
561 305 761 373 χρυσὸς
813 302 1044 366 ἐκείνοις
1094 304 1230 373 πρὸς
1279 310 1353 375 τῷ
1393 301 1399 374 Ι
1445 304 1590 373 παρὰ
1642 310 1741 356 τοῦ
1773 316 1918 360 R184

145 393 436 462 βασιλέως,
477 391 538 455 ὃς
577 393 670 445 διὰ
707 402 820 445 τῶν
857 402 1056 461 χειρῶν
1093 401 1205 445 τῶν
1243 400 1591 462 στρατιωτῶν
1629 393 1706 454 εἰς
1737 393 1830 454 τὰς

144 481 372 536 ἐκείνων
412 484 639 551 ἔρχεται.
717 481 802 534 38.
841 482 932 534 καὶ
972 482 1144 534 καλὸν
1181 480 1283 549 μὲν
1318 479 1503 547 ἐμέσαι
1535 480 1626 533 καὶ
1657 485 1830 549 μεθυ-

145 576 352 639 σθῆναι
390 571 482 623 καὶ
522 570 766 634 συνάψαι
805 571 1023 633 τούτοις
1061 570 1234 632 εὐθὺς
1274 568 1489 637 ἐδωδὴν
1520 567 1711 637 ἑτέραν
1740 569 1831 621 καὶ

142 661 327 728 πόσιν,
368 660 598 729 αἰσχρὸν
637 656 698 711 δὲ
738 660 793 711 αἱ
832 658 1049 725 μελέται
1087 657 1178 711 καὶ
1217 659 1278 710 τὸ
1316 657 1376 710 ἐν
1406 664 1480 730 τῷ
1505 658 1674 729 πεδίῳ
1705 655 1831 727 πρέ-
1878 682 1897 712 5

141 762 312 801 πουσι
351 749 544 810 πόνοις
582 747 752 800 αὑτὸν
790 748 1081 816 γυμνάσαι.
1150 754 1448 815 τοιγαροῦν
1487 745 1550 799 ἐν
1586 755 1704 808 ταῖς
1733 746 1832 812 μά-

144 858 263 906 χαις
302 836 458 905 άρκεῖ
494 839 693 904 βοῆσαι
731 845 847 899 τοῖς
891 839 1195 904 πολεμίοις,
1241 836 1332 889 καὶ
1379 836 1431 888 οἱ
1478 835 1578 902 μὲν
1624 832 1830 906 ᾤχοντο

144 925 418 993 ἀπιόντες,
467 924 496 978 ὁ
537 922 598 978 δὲ
637 924 820 994 μένων
858 927 1181 992 πεισόμενος
1221 926 1414 994 ἔμεινε.
1489 922 1580 976 καὶ
1619 926 1831 994 περιδε-

142 1023 222 1077 εῑς
252 1014 353 1083 μὲν
385 1014 571 1077 αὐτοῖς
602 1015 658 1067 αἱ
690 1016 880 1083 ψυχαί,
921 1023 1093 1067 σκιῶν
1125 1010 1187 1066 δὲ
1219 1013 1285 1067 οὐ
1317 1015 1461 1066 πολὺ
1494 1011 1832 1082 διαφέροντα

143 1104 211 1155 τὰ
251 1104 485 1172 σώματα.
564 1102 649 1155 39.
703 1104 873 1172 πικρὰ
921 1103 982 1156 δὲ
1027 1103 1118 1155 καὶ
1157 1103 1189 1171 ἡ
1230 1110 1298 1171 γῆ
1337 1110 1453 1164 τοῖς
1491 1100 1658 1154 ποσὶν
1694 1101 1830 1154 ὑπο-
1855 1124 1898 1155 10

143 1192 402 1260 δημάτων
441 1190 662 1261 ἀπορίᾳ·
718 1191 803 1244 δεῖ
841 1191 944 1261 γὰρ
993 1192 1060 1259 δὴ
1107 1189 1198 1243 καὶ
1245 1191 1321 1252 εἰς
1367 1190 1602 1258 γύναιον
1646 1189 1833 1243 ἀναλί-

144 1294 299 1332 σκειν
342 1278 434 1332 καὶ
480 1280 703 1347 παῖδας,
752 1282 867 1332 ἔστι
914 1280 976 1332 δὲ
1024 1278 1283 1349 ἑκάτερον
1329 1278 1536 1351 ἑκάστῳ
1575 1279 1665 1331 καὶ
1705 1279 1831 1332 οὔτε

140 1370 273 1430 τοὺς
311 1368 521 1437 γάμους
558 1369 874 1421 κωλύουσιν
913 1366 1040 1421 οὔθ’
1079 1369 1113 1436 ἥ
1152 1387 1234 1430 τις
1277 1366 1348 1420 ἂν
1393 1366 1608 1436 γένοιτο
1654 1369 1830 1438 τροφὴ

142 1455 235 1509 καὶ
288 1465 406 1519 ταῖς
458 1457 770 1520 τικτούσαις
823 1458 914 1510 καὶ
963 1465 1077 1520 τοῖς
1131 1455 1494 1524 τικτομένοις,
1549 1463 1831 1510 σκοποῦσι.

142 1545 479 1614 τεμνομένου
518 1548 714 1599 τοίνυν
753 1547 830 1608 εἰς
876 1546 1143 1608 τοσαύτας
1188 1546 1356 1614 τομὰς
1400 1553 1500 1598 τοῦ
1547 1547 1704 1611 σίτου
1754 1552 1829 1618 τῷ
1856 1567 1897 1600 15

143 1635 445 1704 στρατιώτῃ
478 1636 657 1687 πόθεν
688 1633 878 1706 ἐκείνω
909 1636 1095 1704 κόρος;
1126 1634 1159 1703 ἡ
1193 1634 1256 1687 δὲ
1286 1634 1390 1687 άπὸ
1422 1635 1623 1687 τούτου
1656 1635 1830 1703 βλάβη

145 1724 302 1792 ζημία
346 1729 421 1795 τῷ
462 1722 680 1795 πολέμῳ
726 1725 1068 1776 καθίσταται.
1144 1723 1231 1776 40.
1286 1721 1402 1775 ἀλλ’
1443 1723 1545 1776 οὐκ
1591 1722 1652 1775 ἐν
1697 1721 1833 1776 ἑκεί-

143 1831 264 1873 νοις
302 1820 417 1874 τοῖς
458 1820 670 1880 καιροῖς
710 1811 807 1875 οὓς
839 1811 1061 1880 ἐπαινῶ,
1101 1819 1272 1864 ταῦτα
1310 1808 1395 1880 ἧν,
1436 1810 1553 1864 ἀλλ’
1584 1808 1834 1874 εὐδοξίας

144 1896 246 1968 μὲν
292 1899 415 1952 ἀντὶ
465 1901 754 1970 χρημάτων
804 1903 956 1970 ἤρων
1007 1901 1060 1953 οἱ
1110 1901 1432 1969 ἡγούμενοι,
1487 1900 1553 1952 τὰ
1607 1896 1668 1952 δὲ
1720 1909 1833 1953 τῶν

144 1997 493 2056 στρατιωτῶν
531 1989 716 2051 οὐδεὶς
761 1984 831 2057 ἦν
877 1989 905 2042 ὁ
945 1989 1398 2059 ἀφαιρησόμενος.
1475 1989 1529 2041 οἱ
1576 1987 1627 2040 δ’
1673 1987 1830 2041 αὐτοὶ
1855 2011 1898 2043 20

143 2077 234 2129 καὶ
276 2077 491 2146 ἰσχυροὶ
529 2078 619 2130 καὶ
651 2076 899 2147 ἀνδρεῖοι
930 2076 1020 2131 καὶ
1052 2086 1290 2147 τεχνῖται
1323 2076 1577 2144 πολέμων
1607 2077 1698 2130 καὶ
1730 2077 1831 2130 οὐκ

264 2331 289 2369 3
322 2328 623 2382 μεθυσθῆναι
662 2326 742 2368 καὶ
781 2325 966 2382 ἐμέσαιὶ)
1089 2331 1114 2370 6
1147 2326 1292 2370 αὑτὸν
1335 2339 1390 2369 ex
1422 2325 1565 2370 αὐτὸν
1598 2339 1699 2369 corr
1728 2324 1794 2370 P'
1821 2325 1824 2381 ξ

144 2402 195 2428 αι
225 2384 274 2428 in
304 2393 406 2436 ταῖς
437 2387 484 2428 eb
514 2384 684 2442 μάχαις
721 2384 770 2428 in
809 2399 884 2429 ras
908 2385 966 2429 1²
1026 2402 1051 2428 τ
1088 2384 1179 2443 μάχ
1219 2386 1353 2440 ἀρκεῖ
1389 2399 1494 2428 cum
1531 2397 1694 2428 rasura
1733 2384 1828 2427 Sin-

143 2444 361 2501 gularum
391 2445 654 2488 litterarum
681 2445 726 2489 U
809 2449 832 2487 7
866 2443 1026 2500 ἤρκειῖ
1054 2447 1060 2501 Ι
1087 2446 1324 2502 βοηθῆσαι
1356 2445 1440 2488 Mo
1472 2443 1554 2488 sed
1585 2445 1751 2502 βοῆσαι
1781 2443 1857 2486 ἱιν

145 2517 279 2561 marg
305 2503 311 2562 Ι
339 2503 513 2561 ὤχοντο
539 2503 637 2558 Mo,
671 2503 752 2546 sed
776 2521 811 2546 ω
836 2503 905 2546 m²
936 2517 1037 2547 corr
1068 2517 1124 2547 ex
1147 2519 1183 2557 ε,
1214 2517 1355 2560 supra
1379 2520 1404 2547 ο
1437 2505 1600 2547 acutus
1624 2502 1830 2558 itemque

145 2562 328 2618 aliquid
365 2564 473 2618 post
511 2578 536 2606 ο
575 2575 758 2606 erasum
797 2561 1063 2619 (ἐχόντων’ἓ)
1156 2562 1341 2620 ἔσχοντο
1373 2561 1498 2605 Fabr
1603 2566 1629 2606 8
1662 2562 1723 2612 ὡς
1753 2562 1830 2606 οὐ·

149 2621 231 2665 δὲν
262 2622 577 2678 χαλεπώτερον
600 2619 871 2678 πεισόμενος
902 2621 1057 2665 Gasda
1084 2622 1090 2679 Ι
1120 2621 1248 2677 ἔμενε
1267 2623 1312 2667 U
1424 2627 1450 2665 9
1483 2621 1556 2678 οὐ]
1590 2619 1701 2665 οὐδὲ
1733 2621 1777 2664 U

149 2683 203 2722 10
242 2680 322 2723 καὶ
361 2694 436 2724 om
462 2681 504 2724 V
613 2685 664 2723 11
699 2680 869 2736 γύναια
901 2681 969 2724 Re
1000 2693 1244 2737 perperam
1274 2680 1396 2724 hanc
1426 2679 1674 2724 lectionem
1706 2679 1754 2722 in
1785 2681 1829 2723 A

145 2751 248 2782 esse
280 2752 487 2783 asserens
610 2744 663 2782 12
697 2738 766 2796 δὲ]
800 2738 887 2797 γὰρ
931 2740 1082 2785 UIMo
1122 2739 1214 2783 edd
1336 2744 1390 2783 13
1423 2739 1527 2783 οὔτε
1559 2738 1665 2783 ΒΜ
1726 2734 1826 2782 οὔτ’

157 2797 282 2842 UMo
323 2797 446 2841 Fabr
487 2799 492 2854 Ι
536 2796 566 2855 ἤ
610 2798 660 2840 in
706 2811 780 2840 ras
823 2798 893 2851 1²,
942 2797 991 2842 εἴ
1018 2799 1143 2843 UMo
1160 2798 1283 2842 Fabr
1435 2803 1490 2842 14
1521 2798 1601 2841 καὶ
1632 2811 1708 2841 om
1747 2797 1823 2851 V!

145 2863 249 2906 ταῖς
292 2855 417 2899 inser
462 2857 527 2902 1³³
568 2858 574 2914 1
615 2857 856 2907 τεκούσαις
898 2858 965 2901 Re
1103 2862 1157 2900 15
1202 2857 1337 2914 τιμὰς
1384 2858 1427 2900 V
1557 2860 1610 2900 17
1659 2856 1708 2900 ἐν
1754 2870 1830 2899 om

158 2915 288 3016 ΠΜΞ)Ἰ
321 2973 351 3016 b
404 2911 459 2958 18
491 2914 572 2966 οὓς
603 2928 658 2958 ex
690 2912 760 2967 οἷς
792 2929 892 2959 corr
923 2916 982 2960 1²
1043 2912 1114 2968 οἷς
1136 2917 1180 2960 U
1314 2920 1370 2958 20
1403 2912 1472 2974 ᾔει
1504 2915 1571 2959 Re
1603 2914 1742 2957 Anim
1769 2913 1828 2973 Γὸ

145 2985 223 3016 om
293 2987 320 3016 a
354 2988 376 3016 r
407 2984 409 2986 ·
784 3001 787 3004 «
1610 2991 1613 2994 ·
