2026 3168
671 132 898 177 LIBANII
929 131 1268 177 ORATIONES
1496 185 1498 188 ,
1705 131 1808 185 185

130 290 188 322 τε
227 271 491 339 ἄρχοντος
529 267 760 339 ἐξαιρῶν
796 269 884 321 καὶ
923 269 1075 321 λύων
1112 268 1236 321 τινὰ
1269 269 1485 336 δεσμῶν
1523 266 1612 320 καὶ
1648 266 1810 337 παρέ-

130 378 245 427 χων
283 357 471 412 οἴκαδε
510 357 741 410 ἀπιέναι.

241 445 363 498 233.
410 446 522 513 Τὴν
547 445 607 498 δὲ
631 445 735 498 ἀπὸ
761 452 861 499 τοῦ
888 448 1050 514 λιμοῦ
1074 442 1165 497 καὶ
1198 445 1307 513 ἅμα
1340 443 1445 498 ἀπὸ
1479 451 1579 497 τοῦ
1613 448 1808 513 λοιμοῦ

131 535 333 602 λύπην,
381 531 435 597 ἐξ
483 529 561 586 ὧν
606 534 750 587 πολύ
797 534 858 587 τὸ
906 538 1181 602 θνῆσκον,
1221 530 1341 585 οὐδ’
1388 531 1457 585 ἂν
1497 534 1670 585 εἰπεῖν
1709 532 1808 601 ὅση

130 643 223 691 μοι
254 620 476 691 κατέσχε
507 623 607 691 τὴν
637 625 836 691 ψυχήν,
869 623 1157 690 δυναίμην.
1220 621 1310 674 ὅτε
1342 623 1516 690 φόβος
1547 621 1810 689 ἠνάγκαζε
1857 640 1877 673 5

132 710 367 780 πατέρας
414 715 603 764 καλεῖν
649 713 778 773 τοὺς
824 711 1007 764 αὑτῶν
1051 708 1176 779 παρ’
1226 708 1480 778 ἑαυτούς,
1527 711 1708 779 ὥσπερ
1753 709 1811 763 ἐκ

131 801 322 869 πυρός,
357 800 409 852 οἱ
441 796 543 868 μὲν
574 800 641 867 δὴ
673 799 976 868 ὑπήκουον,
1007 807 1164 867 μεῖον
1197 799 1258 852 δὲ
1290 797 1409 865 ἐμοὶ
1440 799 1501 851 τὸ
1533 801 1810 868 ποίμνιον,

132 887 237 957 ἐγὼ
278 887 326 940 δ’
360 890 582 957 ἔχαιρον
612 887 934 957 σωζομένων
965 888 1163 940 ἄλλοσε
1204 889 1417 940 ἰόντων.
1479 887 1657 940 πάντα
1685 886 1811 955 μέν-

132 997 217 1030 τοι
255 978 353 1030 τὸν
393 979 597 1047 χρόνον
635 984 834 1030 τοῦτον
873 978 1006 1029 ἄνευ
1046 975 1280 1045 γέλωτος
1318 977 1515 1045 διῆγον
1555 977 1813 1029 ἱκετεύων

131 1068 301 1128 θεοὺς
355 1067 552 1145 δουναι
601 1063 703 1135 μὲν
752 1066 1012 1135 καρπούς,
1061 1066 1259 1118 δοῦναι
1306 1061 1366 1118 δὲ
1412 1065 1642 1133 ὑγίειαν.
1718 1063 1809 1118 καὶ
1835 1085 1877 1118 10

132 1156 193 1208 τὸ
233 1150 334 1223 μὲν
372 1151 591 1223 ἔδοσαν,
630 1153 721 1207 καὶ
754 1154 783 1207 ὁ
818 1154 1004 1220 λοιμὸς
1034 1151 1179 1222 ἔστη,
1211 1155 1454 1224 καρποὺς
1486 1154 1547 1206 δὲ
1579 1152 1814 1218 ἐλπίζειν

134 1239 235 1309 μὲν
273 1241 375 1311 ἔνι,
414 1244 570 1312 τύχοι
611 1240 671 1295 δὲ
710 1244 743 1311 ἡ
783 1241 937 1305 ἐλπὶς
974 1250 1074 1295 τοῦ
1113 1241 1319 1305 τέλους.

245 1331 367 1384 234.
398 1329 555 1385 Ἀλλὰ
593 1332 659 1384 τά
697 1351 759 1400 γε
798 1340 911 1384 τῶν
949 1330 1226 1400 ἡμετέρων
1265 1333 1446 1399 λόγων
1475 1338 1582 1384 νῦν
1612 1330 1808 1401 πλέονΙ

132 1419 164 1488 ἢ
219 1422 488 1490 πρότερον
541 1421 764 1489 ἥττηται
817 1429 927 1472 τῶν
976 1418 1198 1490 ἑτέρων,
1254 1418 1392 1473 ὥσθ’
1444 1420 1576 1489 ἡμῖν
1628 1418 1718 1472 καὶ
1750 1433 1791 1476 R
1818 1436 1902 1476 143

133 1511 316 1578 φόβον
339 1506 476 1578 ὑπὲρ
510 1509 693 1561 αὐτῶν
716 1508 995 1576 γενέσθαι,
1019 1510 1092 1577 μὴ
1125 1507 1430 1562 ἐκκοπῶσιν
1461 1509 1615 1577 ὅλως,
1640 1510 1813 1575 νόμου
1838 1530 1880 1563 15

133 1605 297 1650 τοῦτο
337 1605 645 1660 ποιοῦντος.
708 1597 996 1666 γράμματα
1028 1594 1131 1666 μὲν
1171 1593 1275 1650 οὖν
1313 1596 1404 1650 καὶ
1443 1599 1613 1666 νόμος
1650 1605 1814 1650 τοῦτο

135 1687 236 1739 οὐκ
275 1684 554 1756 ἔπραττεν,
593 1686 626 1754 ἡ
666 1687 793 1756 τιμὴ
834 1683 894 1739 δὲ
932 1685 1024 1739 καὶ
1063 1687 1124 1740 τὸ
1164 1695 1275 1739 τῶν
1313 1687 1413 1755 τὴν
1446 1685 1659 1754 Ἰταλὴν
1702 1685 1816 1739 ἑπι-

135 1774 418 1843 σταμένων
456 1774 718 1843 γενέσθαι
758 1775 820 1828 τὸ
866 1775 1161 1828 δύνασθαι.
1237 1780 1393 1837 θεοῖς
1441 1771 1502 1827 δὲ
1549 1775 1656 1843 ἄρα
1699 1783 1816 1837 τοῖς

135 1865 299 1916 δοῦσι
351 1864 549 1916 τούσδε
604 1866 736 1926 τοὺς
790 1865 991 1931 λόγους
1043 1863 1133 1916 καὶ
1186 1859 1325 1933 ὑπὲρ
1380 1871 1475 1932 τῆς
1528 1865 1684 1932 νίκης
1738 1858 1817 1916 ὧν

135 1953 335 2005 ἔδοσαν
366 1954 585 2020 μελήσει
623 1950 713 2004 καὶ
744 1959 843 2005 τοῦ
875 1953 936 2005 τὸ
967 1952 1163 2022 κράτος
1196 1951 1224 2004 ὅ
1255 1969 1386 2005 ποτε
1417 1947 1486 2019 ἦν
1518 1950 1579 2005 ἐν
1611 1952 1813 2020 αὐτοῖς,
1838 1974 1882 2006 20

133 2043 484 2110 κομίσασθαι.

247 2128 369 2182 235.
426 2130 590 2198 Παρὰ
626 2130 839 2182 τούτων
890 2125 951 2181 δὲ
999 2129 1105 2197 ἄρα
1143 2138 1255 2182 τῶν
1293 2134 1445 2182 θεῶν
1481 2128 1687 2199 ὑπῆρξε
1725 2127 1816 2182 καὶ

138 2217 259 2285 ἐμοί
280 2235 411 2271 ποτε
435 2219 675 2286 σωτηρία
706 2220 929 2280 πολλοῖς
957 2214 1058 2285 μὲν
1082 2219 1354 2286 πρότερον
1378 2219 1537 2286 ἔτεσι,
1570 2216 1816 2286 λεγέσθω

256 2472 278 2510 1
311 2464 508 2522 ἐξαίρων
531 2466 661 2511 ΑΟΒ
689 2468 694 2522 Ι
722 2466 892 2521 δεσμὸν
919 2467 962 2509 V
1068 2470 1093 2509 6
1124 2464 1328 2522 πατέρας
1357 2466 1468 2510 Fen·
1497 2466 1548 2509 in
1577 2479 1711 2522 marg
1741 2467 1844 2509 om*

135 2526 223 2570 AG
240 2525 352 2569 Fen·
378 2528 384 2582 Ι
411 2527 567 2570 καλεῖν
596 2525 706 2576 τοὺς
736 2524 889 2569 αὐτῶν
921 2524 1086 2581 scripsi
1117 2538 1142 2568 e
1168 2526 1250 2569 VL
1276 2525 1387 2569 Fert
1409 2525 1459 2568 in
1482 2538 1616 2582 marg
1674 2539 1816 2581 προσ-

137 2586 292 2629 καλεῖν
322 2585 431 2635 τοὺς
461 2585 614 2628 αὐτῶν
646 2585 735 2628 ΡΒ
795 2586 1073 2638 προσκαλεῖν
1103 2584 1212 2635 τοὺς
1242 2585 1412 2636 αὐτοὺς
1434 2585 1522 2629 ΑΟ
1539 2584 1651 2627 Ferr
1709 2584 1818 2634 τοὺς

137 2643 289 2687 αὑτῶν
321 2646 477 2687 καλεῖν
508 2643 609 2687 Mor
638 2643 706 2687 Re
749 2645 754 2699 Ι
796 2642 965 2693 αὑτοὺς
995 2644 1039 2686 L
1174 2647 1198 2686 7
1232 2642 1285 2687 δέ
1314 2659 1391 2699 μοι
1421 2644 1465 2687 L
1600 2647 1625 2686 8
1659 2642 1709 2687 δὲ
1737 2643 1780 2686 V
1806 2643 1812 2700 Ι

137 2700 423 2756 σωιζομένων
457 2703 522 2759 G!
562 2700 718 2758 μέντοι
749 2701 912 2758 scripsi
944 2715 968 2745 e
995 2702 1076 2745 VL
1136 2702 1219 2758 μὲν
1249 2702 1422 2747 ΑΟΡΒ
1453 2702 1544 2746 edd
1666 2707 1717 2744 11
1750 2704 1817 2744 λι-

137 2760 220 2816 μὸς
249 2761 293 2804 L
413 2765 466 2804 12
500 2760 582 2817 μὲν
613 2761 724 2805 Ferr
754 2761 803 2804 in
833 2774 967 2817 marg
1027 2773 1102 2804 om
1132 2762 1306 2806 ACPB
1428 2765 1481 2804 17
1511 2768 1604 2804 τῶν
1636 2774 1710 2804 om
1734 2761 1780 2804 B
1807 2760 1813 2819 Ι

138 2826 202 2862 ῶν
232 2818 282 2861 in
308 2816 494 2863 Ἰταλῶν
525 2820 575 2863 in
605 2833 680 2863 ras
713 2834 768 2864 ex
798 2820 855 2877 ὴν
892 2834 991 2863 corr
1021 2819 1086 2863 Ρ4
1175 2820 1343 2865 ἰταλῶν
1373 2821 1419 2864 Β
1458 2820 1655 2863 fortasse
1691 2821 1816 2863 recte

138 2877 194 2921 cf.
220 2877 241 2920 I
267 2882 364 2931 153,
390 2882 413 2920 ‘1
448 2880 495 2922 et
521 2883 618 2933 185,
652 2883 705 2922 21
724 2879 765 2922 R
900 2883 955 2922 20
1004 2878 1083 2921 καὶ
1113 2885 1193 2922 τοῦ
1223 2879 1276 2923 τὸ
1308 2878 1477 2935 κράτος
1506 2878 1555 2921 in
1586 2891 1660 2921 ras
1693 2878 1758 2922 1³⁸

136 2943 218 2980 τοῦ
248 2936 319 2993 τὸ]
352 2943 486 2980 τοῦτο
516 2939 562 2981 A
593 2938 703 2982 Fen·
732 2937 833 2981 Mor
892 2937 943 2982 τὸ
975 2939 1021 2981 Β
1049 2939 1054 2993 Ι
1082 2936 1249 2993 κράτος
1279 2950 1355 2981 om
1385 2939 1429 2982 A
1456 2938 1463 2995 Ι
1489 2935 1600 2982 πότε
1630 2938 1719 2982 ΑΟ
