2026 3168
196 152 229 204 3
237 152 262 203 1
272 152 303 204 8
732 144 959 197 LIBANII
992 150 1332 195 ORATIONES

193 285 333 358 ὑπὲρ
385 289 638 357 μεγάλων
675 285 776 354 μὲν
813 297 925 341 τῶν
962 296 1080 350 ταῖς
1130 291 1332 357 φυλαῖς
1384 290 1461 351 εἰς
1508 289 1711 352 αὐτοὺς
1750 289 1881 358 ἀνηβ

194 377 471 446 λωμένων,
509 379 678 447 μανίᾳ
716 374 778 430 δὲ
815 378 875 430 τὸ
916 385 1139 446 πρᾶγμα
1171 379 1316 430 ἔοικε
1347 385 1410 448 τῇ
1450 383 1566 450 θεῷ
1599 378 1879 448 χαριζομέ-

192 487 321 520 νων.
391 467 478 518 44.
516 467 683 518 πάλαι
707 524 709 526 v
722 467 823 534 μὲν
863 462 967 519 οὖν
1006 467 1208 536 δρόμος
1247 461 1317 534 ἧν
1355 466 1612 520 ἁπάντων
1651 466 1737 520 ἐπὶ
1777 469 1882 536 τὴν

102 568 144 611 R
169 572 254 612 237
285 555 428 608 θέαν
465 553 556 608 καὶ
594 556 655 608 τὸ
695 557 766 623 μὴ
807 553 998 608 ἐλθεῖν
1036 555 1139 607 οὐκ
1173 556 1178 623 Ι
1216 554 1457 624 εὐσεβές,
1496 562 1570 628 τῷ
1611 564 1782 630 καιρῷ
1817 555 1879 610 δὲ

148 665 167 697 5
193 644 606 712 ἀμβλυνθείσης
636 652 731 712 τῆς
763 642 953 714 ἑορτῆς
984 645 1037 696 οἱ
1067 644 1169 712 μὲν
1200 642 1521 713 ἐπύκτευον,
1554 645 1879 699 διδάσκαλοι

192 729 253 785 δὲ
286 735 466 801 λόγων
496 731 558 786 ἐν
583 734 922 801 συνουσίαις,
956 733 1204 795 διδόντες
1235 729 1336 801 μὲν
1361 734 1523 801 δίκην
1547 734 1612 786 οὐ
1646 735 1878 788 δοκοῦν-

189 841 276 884 τες
306 830 423 884 τοῖς
453 826 697 889 πολλοῖς,
728 829 899 894 καιρῷ
932 818 994 874 δὲ
1026 827 1279 884 εἴκοντες.
1340 822 1426 875 45.
1459 820 1654 895 πρῴην
1682 825 1880 878 τοίνυν

190 911 242 963 οἱ
281 907 382 977 μὲν
419 909 629 982 ᾤχοντο
669 911 746 973 εἰς
785 913 1033 981 Μερόην,
1073 912 1126 964 οἱ
1164 911 1384 979 πύκται,
1425 910 1530 980 ἐγὼ
1571 908 1632 964 δὲ
1671 913 1879 966 εἰσεκά-

190 1003 328 1051 λουν
366 1001 497 1062 τοὺς
535 998 711 1062 νέους.
787 1001 840 1052 οἱ
888 996 948 1052 δὲ
995 1000 1096 1069 οὐχ
1140 1000 1448 1069 ὑπήκουον·
1498 995 1640 1054 εἶναι
1678 1001 1783 1071 γάρ
1823 1021 1878 1054 τι

123 1111 166 1142 10
189 1088 250 1140 τὸ
291 1089 389 1141 τὸν
428 1090 599 1142 ὄκνον
649 1087 936 1158 ἐμποιοῦν,
988 1089 1016 1142 ὃ
1070 1089 1171 1142 οὐκ
1221 1091 1365 1158 ἔχειν
1402 1086 1504 1158 μὲν
1543 1091 1718 1143 εἰπεῖν
1756 1090 1785 1143 ὅ
1823 1111 1879 1143 τι

189 1181 297 1246 εἴη,
353 1178 549 1239 δεινῶς
603 1177 664 1230 δὲ
718 1177 1078 1230 ἀποκωλύειν.
1173 1177 1457 1248 ρᾳθυμίαν
1511 1175 1571 1231 δὲ
1625 1177 1759 1247 ἐμοῦ
1813 1181 1876 1232 τὸ

186 1273 411 1335 πρᾶγμα
439 1269 761 1334 καλοῦντος,
794 1267 842 1319 εἰ
871 1267 938 1319 τὰ
964 1274 1060 1334 τῆς
1091 1269 1417 1337 προτεραίας
1449 1263 1615 1330 αὖθις
1648 1271 1875 1336 ζητοῖεν,

187 1354 219 1422 ἡ
252 1351 313 1407 δὲ
353 1354 454 1410 οὐκ
493 1350 564 1423 ἦν
598 1356 793 1423 ἔργων,
833 1356 1086 1424 δείματός
1116 1376 1267 1418 τινος
1296 1359 1683 1427 θορυβοῦντος
1714 1360 1877 1426 σφίσι

96 1455 139 1499 R
163 1460 248 1499 238
282 1445 378 1506 τὰς
400 1444 579 1513 ψυχὰς
603 1444 866 1510 ὤμνυσαν
900 1444 905 1512 Ι
941 1438 1082 1498 εἶναι
1105 1452 1200 1513 τῆς
1225 1449 1527 1508 συνουσίας
1550 1446 1651 1513 τὴν
1671 1447 1874 1514 φυγήν.

121 1553 162 1586 15
186 1531 273 1584 46.
314 1532 457 1585 οὕτω
498 1529 559 1584 δὲ
599 1533 967 1602 συνεχώρουν.
1022 1534 1082 1584 τὸ
1116 1533 1178 1586 δὲ
1207 1530 1277 1602 ἦν
1309 1535 1413 1603 ἄρα
1444 1542 1539 1602 τῆς
1565 1533 1876 1603 Ἀρτέμιδος

186 1620 370 1690 ἀρωγὴ
410 1622 508 1674 τὸν
547 1623 851 1690 γενόμενον
890 1620 960 1675 ἂν
990 1622 1308 1690 κωλυούσης
1348 1624 1602 1691 ὄλεθρον.
1664 1623 1737 1685 ὡς
1767 1623 1872 1691 γὰρ

186 1710 254 1778 δὴ
302 1708 694 1778 ἀπηλλάγησαν
733 1710 785 1763 οὶ
832 1709 1208 1779 πεφοβημένοι
1254 1709 1345 1764 καὶ
1390 1707 1461 1779 ἧν
1498 1713 1666 1779 μόνος
1704 1710 1765 1764 ἐν
1803 1718 1879 1783 τῷ

183 1800 560 1871 βουλευτηρίῳ
584 1799 778 1871 τούτῳ,
804 1801 973 1866 λόγον
995 1819 1076 1862 τις
1108 1799 1175 1852 οὐ
1208 1803 1393 1872 πολλῷ
1418 1800 1652 1869 ὕστερον
1685 1798 1874 1869 φέρων

185 1884 395 1955 ἔρχεται
435 1886 559 1950 νέος
598 1886 887 1956 εἰρημένον
919 1889 972 1940 οἱ
1002 1888 1290 1957 πολλάκις,
1331 1889 1379 1941 εἰ
1411 1887 1636 1957 παρέχοι
1668 1890 1873 1957 καιρός,

122 1998 165 2029 20
187 1976 342 2043 ἥκειν
382 1978 488 2029 σὺν
526 1983 601 2048 τῷ
634 1979 857 2047 βιβλίῳ,
897 1975 988 2029 καὶ
1028 1977 1131 2046 γὰρ
1171 1972 1242 2044 ἦν
1279 1997 1362 2039 τις
1399 1976 1524 2046 περὶ
1562 1983 1662 2029 τοῦ
1702 1978 1870 2044 λόγου

183 2066 358 2132 λόγος.
421 2065 684 2133 εἰλῆφθαι
725 2066 792 2133 δὴ
831 2073 1028 2134 καιροῦ
1068 2067 1298 2134 νομίσας
1337 2065 1365 2118 ὁ
1396 2066 1686 2127 νεανίσκος
1722 2060 1869 2132 ἧκεν.

181 2153 268 2205 47.
324 2152 466 2205 οὕτω
524 2150 584 2205 δὲ
639 2152 874 2215 ἀναστὰς
929 2152 1113 2206 ἐλθὼν
1167 2152 1256 2210 ἐπὶ
1310 2155 1411 2222 τὴν
1461 2154 1649 2222 θύραν
1703 2150 1870 2214 ἑστὼς

184 2238 414 2303 ἑστῶτος
463 2242 769 2311 ἠκροώμην.
853 2242 941 2294 καὶ
996 2241 1306 2309 ἀνέγνωστό
1360 2262 1418 2295 τε
1464 2239 1565 2310 ἔπη
1619 2243 1786 2294 πλείω
1834 2240 1866 2307 ἢ

183 2330 457 2397 διακόσια,
510 2333 606 2383 καί
655 2350 720 2398 με
774 2332 963 2383 ἔννοια
1017 2339 1111 2399 τῆς
1164 2332 1336 2383 νόσου
1383 2339 1476 2400 τῆς
1522 2339 1633 2383 τῶν
1679 2330 1868 2382 ποδῶν

302 2451 323 2487 1
359 2447 413 2490 οὐ
446 2445 589 2489 καλὸν
620 2446 671 2489 τὸ
704 2444 1069 2502 ἀνηλωμένον
1101 2446 1310 2491 ἐνταῦθα
1338 2447 1380 2490 V

303 2555 324 2591 1
359 2552 449 2594 λων
482 2550 566 2606 μὲν
596 2556 688 2593 τῶν
719 2548 802 2600 τὰς
841 2551 965 2604 φυλα
1005 2549 1054 2591 in
1084 2564 1160 2593 ras
1194 2549 1265 2592 P²
1307 2552 1312 2604 Ι
1353 2556 1455 2599 ταῖς
1493 2551 1661 2604 φυλαῖς
1701 2547 1865 2603 scripsi

182 2609 371 2651 auctore
395 2608 461 2651 Re
522 2607 604 2658 τὰς
637 2607 786 2663 φυλὰς
816 2607 925 2652 libri
958 2608 1048 2651 edd
1076 2612 1082 2664 Ι
1109 2609 1280 2658 αὑτοὺς
1304 2610 1349 2652 Ρ
1393 2604 1599 2651 sedkin
1630 2620 1704 2650 ras
1736 2606 1806 2648 m3

182 2667 350 2716 αὐτοὺς
376 2667 455 2711 CA
468 2668 617 2711 VBM
718 2672 745 2709 4
776 2669 883 2723 post
915 2667 965 2710 δὲ
997 2681 1160 2710 rasura
1192 2667 1388 2710 duarum
1419 2666 1681 2710 litterarum
1712 2665 1762 2707 in
1786 2667 1831 2708 P
1857 2666 1860 2723 f

130 2730 133 2733 ’
182 2732 207 2769 5
240 2723 583 2783 ἀμβλυνθείσης
614 2726 661 2768 in
693 2727 838 2781 textu,
872 2743 926 2783 γρ
961 2724 1305 2784 ἀναβληθείσης
1335 2726 1383 2768 in
1415 2738 1548 2782 marg
1580 2727 1624 2768 B
1755 2729 1777 2766 7
1811 2724 1862 2768 δὲ

179 2787 286 2840 post
318 2786 564 2835 δοκοῦντες
596 2785 776 2829 VUBP
805 2787 852 2828 et
882 2785 1096 2828 manibus
1128 2787 1245 2841 posb.
1279 2787 1350 2841 (p)
1386 2785 1424 2829 Ο
1450 2785 1497 2826 et
1519 2785 1562 2826 A
1580 2784 1690 2827 Fen·
1706 2783 1806 2826 Mor

181 2843 258 2887 del
289 2844 357 2887 Re
489 2848 543 2887 10
577 2841 646 2886 ὅτι
669 2845 804 2888 PIM
932 2849 982 2886 11
1017 2844 1253 2887 ἀπεκώλυε
1287 2843 1390 2887 coni
1421 2843 1523 2886 Mor
1643 2847 1696 2886 13
1731 2842 1864 2898 ἔργον

184 2903 388 2947 GUVJB
418 2904 464 2945 et
496 2903 544 2945 in
575 2916 651 2945 ras
675 2902 747 2945 Ρ3
869 2907 922 2945 15
956 2902 1006 2946 δὲ
1040 2903 1219 2959 (p1·ius)]
1254 2902 1312 2958 δὴ
1339 2903 1382 2946 V
1497 2905 1550 2944 18
1575 2898 1644 2951 τίς
1667 2901 1804 2944 ΑΡΒ

183 2966 235 3004 19
270 2959 315 3005 οἶ
349 2963 427 3005 CA
580 2966 634 3004 24
666 2967 746 3016 τῆς
777 2964 837 3018 (1)
870 2962 980 3004 Fen·
1003 2962 1104 3004 Mor
1179 2978 1247 3012 τις
1277 2961 1384 3003 libri
1461 2977 1530 3010 τις
1560 2966 1640 3016 τῆς
1670 2961 1737 3002 Re
