2026 3168
191 156 296 208 144
731 154 960 198 LIBANII
990 153 1332 198 ORATIONES

188 312 393 361 φαινον
439 292 540 360 τὴν
581 292 808 359 βουλήν.
882 293 1061 343 καίτοι
1105 310 1188 352 τις
1233 300 1344 343 τῶν
1393 289 1723 359 καθημένων
1770 307 1870 342 πα-

189 390 416 450 ραρρεῖν
461 381 560 432 τὸν
601 378 862 448 Ὀρόντην
909 377 1114 447 ἔφασκε
1163 385 1237 451 τῷ
1281 385 1501 451 ποταμῷ
1544 399 1610 445 με
1661 382 1870 448 φοβῶν,

189 468 431 532 ἀναξίοις
470 468 717 530 ἀπειλαῖς
755 469 856 536 τὴν
894 469 1182 534 βασιλείαν
1219 468 1473 537 ὑβρίζων.
1535 467 1564 520 ὁ
1606 468 1668 520 δὲ
1699 468 1872 530 οὕτως

188 554 258 626 ἦν
288 558 360 620 ὡς
391 557 612 626 ἀληθῶς
646 556 872 624 ἀγαθός,
905 557 1045 609 ὥστε
1076 563 1343 625 κρατῆσαι
1374 553 1475 624 μὲν
1507 556 1871 625 ἐπεχείρησεν,

145 646 443 715 ὅὴττηθεὶς
497 642 558 698 δὲ
612 646 716 698 οὐκ
771 644 1005 714 ἐμίσησε.
1091 644 1210 697 127.
1265 648 1475 711 μᾶλλον
1526 642 1628 711 μὲν
1681 641 1785 698 οὗν
1839 644 1872 713 ἢ

188 737 436 802 πρόσθεν
463 735 745 803 ἠγάπησεν
776 733 915 803 ὑπὲρ
947 734 1212 802 πατρίδος
1244 735 1426 802 ὥσπερ
1461 733 1601 786 ὅπλα
1631 732 1873 800 θέμενον

189 826 318 886 τοὺς
356 825 570 891 λόγους,
610 823 823 875 ὕπατον
863 819 923 874 δὲ
964 822 1135 875 αὑτὸν
1175 822 1505 884 ἀποδεικνὺς
1543 824 1871 889 αἰσθανόμε-

188 915 282 974 νός
319 932 376 965 τε
415 921 526 964 τῶν
563 930 620 964 τε
659 912 764 979 ἤδη
804 913 1095 980 παρόντων
1133 920 1244 964 τῶν
1274 930 1331 963 τε
1363 910 1605 979 ἡξόντων
1635 914 1868 981 μυρίους

188 1003 295 1053 σὺν
333 999 498 1073 ᾠδαῖς
540 1002 699 1068 σφίσι
739 999 1242 1069 παραστησομένων
1277 1001 1489 1052 κελεύει
1527 1019 1621 1066 μοι
1652 1007 1873 1067 τιμῆσαι

123 1111 163 1142 10
189 1092 332 1161 λόγῳ
372 1090 472 1157 τὴν
514 1088 726 1158 ἑορτήν·
769 1087 873 1156 ἐγὼ
916 1088 977 1141 δὲ
1017 1087 1218 1158 ἐτέρων
1258 1085 1400 1141 εἶναι
1431 1085 1671 1157 τοῦργον
1703 1088 1873 1140 εἰπὼν

188 1179 324 1230 κατὰ
368 1177 614 1246 θατέραν
654 1178 850 1245 φωνὴν
897 1178 999 1230 οὐκ
1045 1179 1282 1247 ἤργουν,
1331 1178 1403 1240 ὡς
1447 1176 1656 1245 μηδένα
1701 1177 1874 1246 μηδὲν

193 1267 341 1336 ἱερὸν
380 1265 537 1330 δόξαι
576 1265 775 1335 λέγειν,
814 1265 941 1335 μηδ’
989 1266 1049 1328 ὃς
1088 1270 1352 1335 λαμπρῶν
1384 1266 1742 1319 ἀπολελαύκει
1774 1271 1873 1319 θο-

13 1369 130 1412 R86
163 1357 200 1424 †
252 1357 454 1426 ρύβων.
536 1356 655 1408 128.
709 1358 806 1408 καί
855 1373 970 1417 πως
1024 1357 1315 1422 συμβαίνει
1369 1355 1430 1408 ἐν
1483 1362 1557 1427 τῷ
1587 1357 1592 1423 Ι
1627 1354 1873 1426 προτέρω

191 1447 336 1516 λόγῳ
381 1445 570 1513 τύχης,
619 1441 793 1512 οἶμαι,
839 1445 991 1506 τινὸς
1035 1446 1167 1506 τοὺς
1210 1440 1376 1506 αὖθις
1418 1442 1871 1512 βοηθησομένους

124 1554 166 1587 15
189 1552 247 1586 τε
285 1533 376 1585 καὶ
414 1532 814 1603 χαριουμένους
850 1531 1078 1602 ἑτέρωσε
1113 1534 1424 1601 πεμψάσης·
1465 1525 1548 1595 οἷς
1580 1531 1874 1585 ἐλυσιτέλει

190 1622 261 1690 μὴ
307 1621 447 1691 τάμὰ
495 1622 835 1688 διαβάλλειν·
882 1621 910 1674 ὁ
960 1618 1020 1674 δὲ
1067 1621 1237 1674 αὑτὸν
1282 1619 1383 1688 μὲν
1431 1622 1595 1674 ἔνδον
1645 1620 1873 1682 οὐδενὸς

191 1709 550 1772 ἐπαινοῦντος
589 1708 795 1781 ἐπῄνει,
836 1709 1073 1782 δευτέρω
1112 1711 1288 1781 τούτῳ
1329 1709 1582 1779 παρέχων
1617 1709 1874 1779 ἀφορμὴν

191 1799 402 1867 γέλωτι,
442 1802 572 1861 τοὺς
611 1800 672 1851 δὲ
710 1797 791 1852 ἐπ’
835 1799 981 1870 αὐτῷ
1014 1799 1348 1866 γελάσαντας
1387 1799 1488 1851 οὐκ
1520 1798 1660 1851 ἀνίει
1692 1798 1875 1850 λοιδο-

192 1898 323 1957 ρῶν,
363 1889 416 1940 οἱ
457 1886 503 1940 δ’
554 1886 669 1956 [ἂν]
713 1884 878 1950 αὖθις
919 1887 1138 1954 ἐγέλων,
1177 1888 1267 1939 καὶ
1306 1888 1366 1939 τὸ
1409 1885 1480 1939 δι’
1535 1887 1739 1954 ἀπάτης
1777 1904 1874 1938 πο-

126 1998 168 2030 20
193 1974 391 2051 ρισθὲν
430 1975 710 2045 ἐξεκέχυτό
751 1978 809 2028 οἱ
842 1976 982 2044 <οὐ>
1019 1977 1287 2045 φωραθὲν
1318 1977 1402 2043 ἄν,
1437 1977 1484 2028 εἰ
1515 1978 1780 2028 τοσοῦτόν
1812 1994 1873 2042 γε

311 2126 336 2164 6
369 2122 476 2177 Lyc.
510 2122 664 2165 Leocr.
700 2126 755 2165 43
880 2125 932 2164 10
965 2135 1028 2164 or.
1062 2121 1146 2164 XII
1176 2123 1209 2164 τ.
1242 2122 1263 2163 Ι
1295 2125 1528 2165 366—404
1560 2122 1601 2164 R

313 2259 335 2296 1
369 2251 439 2304 τίς
469 2255 656 2298 ABVL
748 2259 772 2296 2
805 2254 888 2310 τὴν
920 2255 1057 2299 ACP
1083 2254 1087 2312 Ι
1117 2252 1365 2310 Ὀρρόντην
1397 2255 1441 2298 L
1532 2259 1557 2296 5
1591 2270 1618 2308 η
1649 2253 1729 2295 καὶ
1758 2250 1870 2307 πρό-

194 2315 308 2356 σθεν
347 2313 457 2355 Ferr
495 2313 544 2356 in
575 2327 708 2369 marg
739 2313 839 2356 Mor
989 2319 1013 2356 6
1049 2312 1251 2369 θέμενον
1292 2327 1393 2356 corr
1432 2326 1455 2356 e
1486 2311 1580 2368 θέμ
1583 2325 1688 2356 ενοσ
1722 2311 1784 2355 0¹²

197 2376 219 2413 7
245 2372 387 2415 αὐτὸν
413 2374 502 2416 BL
531 2374 536 2429 Ι
565 2370 845 2428 αἰσθόμενος
877 2386 1016 2428 supra
1040 2370 1382 2440 αἰσθανόμενος
1406 2371 1469 2414 P3
1552 2375 1577 2413 8
1605 2387 1651 2414 τε
1676 2370 1872 2413 alterum

195 2444 269 2473 om
293 2432 338 2474 B
467 2436 491 2474 9
523 2430 943 2488 παραστησομένων
975 2431 1139 2487 scripsi
1171 2432 1359 2474 auctore
1383 2431 1450 2474 Re
1526 2427 1872 2485 παραστησομέ-

194 2505 305 2539 νους
334 2489 442 2532 libri
475 2490 566 2532 edd
608 2492 613 2547 Ι
655 2506 709 2546 με
731 2491 775 2534 V
913 2494 966 2533 10
1001 2489 1206 2545 θάτερον
1239 2491 1347 2533 ante
1379 2487 1546 2544 ετέρων
1578 2488 1874 2531 inserendum

194 2549 308 2603 puto
341 2548 443 2591 coll.
476 2548 497 2590 I
530 2553 626 2602 529,
655 2553 677 2591 1
704 2549 745 2591 R
788 2549 792 2606 Ι
844 2548 1008 2604 ἑτέρων
1045 2563 1145 2592 corr
1177 2562 1231 2592 ex
1263 2546 1418 2602 ἑτέρον
1453 2549 1516 2592 C'n
1669 2551 1719 2589 11
1754 2546 1874 2589 κατὰ

193 2605 404 2660 θατέραν
437 2607 600 2663 scripsi
633 2607 735 2651 coll.
770 2608 789 2649 Ι
820 2612 918 2660 400,
953 2613 977 2650 9
1011 2609 1052 2650 R
1127 2604 1241 2650 καθ’
1272 2601 1495 2661 ἑκατέραν
1512 2606 1750 2650 ΑΟΡΒΙ]
1784 2605 1874 2648 edd

253 2662 369 2708 καθ’
392 2664 553 2721 ἑτέραν
579 2667 622 2709 V
707 2670 760 2708 13
795 2665 1064 2723 συμβαίνειν
1097 2669 1141 2710 Β
1169 2667 1174 2723 Ι
1210 2666 1259 2710 ἐν
1291 2665 1366 2708 del
1390 2664 1616 2720 Wy'ntenb
1710 2669 1763 2706 14
1795 2664 1872 2707 τύ-

197 2741 278 2782 χης
317 2721 361 2767 δ’
392 2684 520 2780 οἶμαι
550 2725 775 2780 Wyttenb
820 2727 824 2778 Ι
868 2726 1026 2776 αὐτοῖς
1063 2726 1131 2767 Re
1162 2724 1302 2767 Anim
1344 2726 1349 2781 Ι
1392 2722 1703 2782 βοησομενους
1734 2725 1779 2767 Β
1791 2724 1872 2767 VL

196 2782 532 2885 {301121‘321223
536 2789 776 2886 zzffissrassfl
796 2787 918 2915 {2352
932 2800 1023 2887 “15⁹
1024 2783 1179 2885 ψασῖῑῗ
1200 2783 1716 2916 ἔῖῧῑόἓζῖἐθξῖἃῗῗὶἷέἶ
1746 2783 1873 2883 ἒὲἔῊ

198 2900 341 2944 αὐτὸν
372 2901 481 2943 libri
513 2901 603 2944 edd
726 2905 778 2943 19
812 2899 871 2945 ἂν
902 2901 1034 2944 uncis
1058 2900 1224 2944 inclusi
1338 2905 1392 2943 20
1425 2901 1479 2944 οὐ
1511 2901 1685 2944 inserui
1717 2901 1875 2943 aucto-

196 2959 324 3002 ribus
356 2959 423 3003 Re
449 2962 496 3003 et
519 2960 744 3016 Wyttenb
780 2960 784 3018 Ι
828 2976 877 3017 γε
910 2961 993 3003 οὐκ
1016 2961 1060 3004 V
