2026 3168
210 116 313 168 116
751 113 979 157 LIBANH
1009 112 1351 158 ORATIONES

202 271 258 304 τε
307 250 412 303 ἀπὸ
459 258 555 318 τῆς
595 249 856 317 ἀληθείας
894 257 957 319 τῇ
1001 268 1058 300 τε
1098 247 1394 319 ἐπαγγελίᾳ
1431 257 1526 318 τῆς
1566 248 1886 319 ἐπικουρίας

202 338 342 411 ᾔειν
391 340 444 391 οἱ
492 341 796 407 συνήγοροι
850 338 911 391 δὲ
956 338 1088 405 ἡμῖν
1139 336 1295 407 μέχρι
1341 340 1519 404 Λίβου
1574 336 1682 407 μὲν·
1727 334 1885 406 ἧκον,

204 429 374 481 αὐτοῦ
415 428 477 480 δὲ
514 427 849 488 καταδύντες
889 425 1256 493 ἀπεσκόπουν,
1298 426 1402 496 ὅπη
1434 428 1495 480 τὸ
1532 435 1753 495 πρᾶγμα
1791 444 1884 480 πε-

205 525 393 584 σεῖται,
424 514 514 568 καὶ
549 515 921 583 ἀναφανέντες
948 513 1035 568 ἐπὶ
1059 521 1134 586 τῷ
1153 514 1294 567 τέλει
1321 515 1668 585 συνέχαιρον,
1701 516 1883 585 ὥσπερ

161 626 179 658 5
205 606 257 658 οὶ
298 606 725 672 Λακεδαιμόνιοι
771 604 905 671 μετὰ
950 604 1050 671 τὴν
1097 602 1157 656 ἐν
1195 606 1515 672 Μαραθῶνι
1552 605 1731 673 μάχην
1767 613 1885 668 τοῖς

196 692 529 761 Ἀθηναίοις.
617 692 701 744 68.
755 688 826 759 ἧν
881 691 942 744 δὲ
991 693 1097 761 ἄρα
1149 691 1370 744 κάκεῖνο
1426 690 1762 761 εΗρακλεόυς
1821 694 1882 746 τὸ

204 784 386 852 ἔργον,
427 781 486 843 ὃς
524 779 616 833 καὶ
654 781 786 849 ἡμῖν
831 781 891 832 τὸ
939 779 1109 849 νέφος
1149 779 1412 833 ἀπέωσεν
1453 774 1593 849 ᾖδον
1638 778 1740 850 μὲν
1777 783 1882 851 γὰρ

205 870 563 937 ἀλεκτρυόνες
602 869 692 921 καὶ
732 868 1032 939 ἐκήρυττον
1071 870 1125 921 οἱ
1164 871 1412 938 κήρυκες,
1457 868 1710 939 ἐκρούετο
1751 870 1814 923 δὲ
1850 870 1883 938 ἡ

161 981 180 1012 9
204 960 356 1028 θύρα
393 957 483 1010 καὶ
524 958 631 1030 ὅτῳ
669 957 820 1026 μέλει
859 967 969 1010 τῶν
1007 958 1293 1026 τοιούτων,
1342 957 1472 1025 ἐβόα
1517 960 1884 1026 καταβαίνειν.

117 1060 160 1103 R
179 1063 235 1103 48
272 1045 573 1116 ἐκαθήμεθ’
606 1041 710 1098 οὗν
742 1044 803 1098 ἐν
832 1047 1191 1118 μυροπωλείῳ
1219 1043 1225 1117 Ι
1260 1046 1369 1099 τινὶ
1401 1047 1499 1099 τὸν
1529 1047 1725 1116 καιρὸν
1756 1046 1885 1100 ἀνα-

204 1134 462 1204 μένοντες
498 1133 757 1204 ’Ἁλκιμός
805 1154 863 1186 τε
913 1135 1003 1187 καὶ
1054 1133 1159 1203 ἐγώ
1216 1132 1337 1206 (τὸν
1370 1133 1636 1204 ’Ἀλκιμον
1684 1143 1885 1189 τοῦτον

203 1230 344 1277 θεοῦ
392 1244 541 1286 τινος
589 1225 759 1291 ἔγωγε
805 1224 975 1276 παῖδα
1020 1224 1258 1292 ἡγοῦμαι
1304 1223 1608 1292 γεγονέναι,
1653 1225 1726 1293 μὴ
1779 1225 1884 1292 γὰρ

205 1312 275 1366 ἂν
307 1311 359 1376 ἐξ
393 1312 594 1382 ἀνδρὸς
626 1319 800 1380 φῦναι
835 1310 1132 1383 τοιοῦτον).
1173 1313 1407 1382 σμικρὸν
1439 1313 1507 1381 δὴ
1545 1313 1650 1383 πρὸ
1686 1326 1885 1382 μεσημ-

205 1404 365 1470 βρίας
405 1399 595 1454 οὐδενὶ
635 1402 819 1472 κόσμῳ
865 1401 1141 1468 κεκραγὼς
1188 1400 1217 1454 ὁ
1259 1402 1611 1469 συκοφάντης
1649 1403 1887 1470 ἔστειχεν

140 1510 182 1544 15
206 1491 475 1558 ἡμιμανὴς
513 1494 883 1559 κεκρατῆσθαι
922 1497 985 1559 τῇ
1025 1492 1176 1559 βαφῇ
1215 1487 1306 1542 καὶ
1350 1490 1655 1559 Φιλάγριον
1693 1489 1885 1558 λέγων,

206 1579 338 1647 ἡμῖν
377 1598 438 1646 γε
478 1578 544 1631 οὐ
587 1579 788 1631 συνετὰ
827 1576 1017 1645 λέγων.
1079 1577 1163 1630 69.
1204 1576 1294 1630 καὶ
1335 1578 1530 1631 αὐτίκα
1569 1577 1597 1631 ὁ
1630 1579 1886 1646 δικαστὴς

208 1665 364 1738 ἐξῄει,
403 1665 494 1719 καὶ
534 1667 808 1735 φαιδροὺς
856 1665 1112 1735 ἑωρῶμεν
1157 1668 1289 1729 τοὺς
1336 1669 1535 1735 φίλους
1573 1667 1646 1729 ὡς
1690 1668 1756 1736 δὴ
1797 1665 1874 1720 ἐπ’

207 1755 402 1828 ἀγαθῷ
435 1775 527 1827 τῳ,
566 1756 722 1808 τουτὶ
761 1752 821 1807 δὲ
862 1755 964 1823 ὄ,τι
1002 1775 1060 1807 τε
1091 1752 1160 1824 ἦν
1200 1755 1305 1826 ὅτῳ
1345 1774 1402 1808 τε
1437 1757 1618 1827 τρόπῳ
1650 1757 1885 1825 συμβάν,

327 1921 352 1959 5
383 1915 489 1958 Her.
524 1915 586 1958 VI
621 1919 703 1959 120
827 1920 849 1959 7
882 1915 933 1958 Π.
968 1932 991 1959 ο
1018 1919 1102 1958 668

326 2068 354 2106 4
392 2062 496 2117 ἤτοι
531 2061 645 2136 μετὰ
688 2063 739 2106 τὸ
778 2061 905 2113 τέλος
930 2064 973 2106 V
1116 2067 1140 2105 5
1181 2060 1296 2118 παρ’
1325 2062 1469 2118 αυτὴν
1501 2061 1587 2136 γὰρ
1619 2062 1703 2118 τὴν
1735 2061 1886 2136 μάχην

209 2123 343 2177 (αυτῆ
376 2120 464 2178 γὰρ
496 2128 551 2177 τῆ
582 2121 703 2179 μάχη
736 2122 865 2179 P2B)
900 2120 1148 2179 κληθέντες
1177 2120 1279 2166 τότε
1310 2121 1392 2177 μὲν
1424 2122 1506 2195 ουχ
1537 2117 1653 2175 ἧκον
1685 2122 1764 2166 διὰ
1801 2138 1886 2194 την

209 2179 498 2236 πανσέληνον
530 2182 588 2237 (δ.
619 2197 657 2224 τ.
684 2196 730 2224 π.
765 2195 839 2224 om
837 2183 948 2254 Β),
987 2180 1179 2236 υστερον
1213 2180 1262 2226 δὲ
1294 2179 1599 2237 συνηδόμενοι
1621 2177 1887 2236 Ἀθηναίοις

209 2237 549 2348 Ζηῖιέέκέςὲἑτῆ
573 2237 677 2295 νίκη
704 2239 797 2296 1³2),
829 2235 883 2293 ἧς
914 2241 994 2284 καὶ
1011 2237 1241 2295 Ηρακλῆς
1272 2239 1382 2295 μετὰ
1406 2247 1488 2283 τοῦ
1513 2239 1675 2289 Πανὸς
1697 2238 1885 2296 γέγονεν

189 2470 193 2475 ·
335 2451 360 2488 2
403 2463 426 2489 ο
458 2445 586 2502 prius
617 2446 667 2488 in
699 2445 947 2502 συνήγοροι
977 2446 1027 2488 in
1057 2459 1132 2488 ras
1168 2444 1230 2489 02
1373 2449 1397 2486 3
1433 2443 1520 2501 ὅπη
1525 2461 1541 2487 ι
1571 2445 1616 2487 Α
1701 2460 1809 2488 οποι
1841 2446 1884 2488 Β

211 2504 321 2547 Fen·
456 2509 510 2547 10
543 2503 822 2560 ἐκαθήμεθα
864 2505 943 2549 ΟΡ
974 2505 1072 2548 Mor
1102 2505 1170 2547 Re
1213 2504 1217 2561 Ι
1268 2462 1539 2562 μυροπωλίῳ
1580 2503 1671 2547 AP
1706 2503 1816 2546 Fen·

212 2560 481 2635 μυροβολίῳ
502 2564 540 2607 (J
631 2569 683 2606 12
715 2567 832 2607 θεοῦ
865 2591 922 2596 -
957 2568 1010 2606 13
1041 2570 1251 2607 τοιοῦτον
1284 2562 1399 2605 citat
1421 2548 1537 2608 Plan
1561 2561 1626 2605 fol
1652 2566 1703 2604 21
1766 2565 1884 2606 θεοῦ

211 2622 361 2664 παῖδα
391 2621 517 2672 τινὸς
548 2622 685 2678 ἔγωγε
716 2622 832 2665 Plan
875 2623 879 2679 Ι
931 2622 1070 2679 ἔγωγε
1101 2635 1176 2664 om
1203 2622 1283 2665 VL
1436 2618 1585 2664 13w
1619 2635 1694 2664 om
1725 2621 1841 2664 Plan
1876 2622 1882 2678 ᾗ

212 2681 469 2734 ἀνθρώπου
511 2680 627 2723 Plan
662 2681 667 2738 1
710 2681 874 2736 μικρὸν
902 2683 982 2725 VL
1113 2685 1165 2723 15
1198 2682 1512 2735 κεκρατῆσθαι
1541 2706 1599 2711 -
1633 2685 1685 2722 16
1721 2679 1886 2724 συνετὰ

212 2737 354 2795 λέγων
387 2739 502 2782 citat
532 2739 732 2782 Thomas
763 2740 885 2796 Mag
913 2754 944 2782 s.
972 2755 1010 2783 v.
1045 2739 1264 2788 ἀσύνετος
1294 2753 1337 2793 p
1365 2743 1433 2791 28,
1460 2743 1485 2781 8
1517 2738 1646 2793 παρὰ
1677 2736 1884 2797 Λιβανίῳ

214 2798 263 2841 ἐν
295 2801 357 2856 τῷ
380 2798 486 2852 περὶ
515 2804 594 2853 τῆς
625 2797 791 2842 ἑαυτοῦ
822 2799 976 2855 τύχης·
1019 2814 1139 2853 κεκρ.
1173 2799 1285 2850 κτλ,
1326 2798 1455 2840 cuius
1487 2797 1625 2840 verba
1656 2812 1749 2840 non
1787 2798 1885 2841 sine

213 2843 394 2899 mendis
426 2857 474 2899 in
505 2856 714 2912 margine
747 2857 919 2900 codicis
944 2859 989 2901 B
1012 2856 1081 2899 m²
1104 2855 1310 2912 repetita
1328 2858 1435 2898 sunt
1526 2861 1579 2899 15
1611 2855 1753 2912 λέγων
1786 2870 1886 2900 corr

214 2914 361 2958 B²1n
316 2915 325 2924 ⁶
312 2914 537 2972 ωλόγων
569 2916 693 2970 quod
725 2916 866 2959 etiam
898 2915 1037 2959 schol.
1071 2915 1120 2958 in
1154 2929 1286 2971 marg
1318 2927 1342 2958 e
1366 2914 1543 2957 Thoma
1574 2915 1768 2971 praebet
