2026 3168
209 144 311 197 188
749 144 975 189 LIBANII
1007 143 1346 189 ORATIONES

204 286 375 349 θῆναι
430 284 803 349 συκοφαντίας
857 280 1113 347 ὀδοῦσιν,
1168 279 1303 333 ἀλλὰ
1361 290 1475 343 τοῖς
1528 282 1773 349 ἡδίστοις
1823 301 1884 335 τε

204 370 462 436 καμάτοις
506 368 596 421 καὶ
645 370 909 421 εἰωθόσιν
960 368 1081 421 ἀντὶ
1133 377 1245 421 τῶν
1299 369 1400 421 οὐκ
1453 370 1737 423 εἰωθότων
1791 371 1882 423 διὰ

206 459 370 510 τοῦδε
409 457 599 510 ἐλθεῖν
635 465 735 510 τοῦ
774 459 991 526 χρόνου.

316 547 437 598 241.
473 545 695 617 Ἐκείνῳ
735 543 835 612 μὲν
875 547 943 614 δὴ
981 553 1055 618 τῷ
1092 554 1316 614 χειμῶνι
1361 545 1528 616 πέρας
1566 546 1885 600 ἐπιεικέστε-

161 655 181 687 5
207 655 308 703 ρον
341 634 573 702 ἐπέθηκε
604 636 877 703 βασιλεύς,
910 627 1032 687 οἷον
1065 635 1166 687 οὐκ
1198 634 1267 687 ἂν
1298 633 1502 704 ἕτερον,
1533 634 1650 702 ἐμοὶ
1685 637 1883 689 δοκεῖν.

204 724 427 794 θανάτῳ
460 720 561 792 μὲν
596 724 700 793 γὰρ
735 722 953 791 οὐδένα,
987 731 1139 793 φυγῇ
1172 720 1232 775 δὲ
1273 723 1392 791 δύο,
1423 727 1654 791 πληγαῖς
1686 724 1747 777 δὲ
1779 725 1845 778 οὐ
1874 723 1880 794 Ι

115 824 158 867 R
184 829 265 867 146
306 815 534 874 πολλαῖς
580 811 798 880 ἐποίησε
862 814 992 874 τοὺς
1045 813 1246 874 ἄλλους
1290 813 1597 881 βελτίονας,
1653 811 1768 879 ἐμοὶ
1824 813 1886 867 δὲ

204 902 454 967 γίγνεταί
494 919 576 963 τις
615 899 886 970 ἑτέρωθεν
924 902 1128 971 ταραχὴ
1167 908 1262 969 τῆς
1301 900 1361 953 ἐν
1406 907 1480 972 τῷ
1523 901 1883 974 διδασκαλείῳ

203 990 457 1056 νεότητος
495 990 561 1042 οὐ
601 990 775 1057 πάσης
814 988 875 1042 ἐν
912 997 975 1059 τῇ
1015 988 1161 1053 τάξει
1201 990 1489 1058 μενούσης,
1536 988 1653 1042 ἀλλ’
1692 988 1752 1042 ἐν
1783 1004 1886 1043 σω-

138 1099 182 1130 10
205 1084 510 1147 φρονοῦντι
549 1084 623 1149 τῷ
656 1080 868 1130 πλείονι
915 1080 1109 1147 μοίρας
1146 1079 1297 1140 τινὸς
1341 1077 1778 1147 θρασυνομένης,
1815 1085 1892 1151 τῷ

203 1169 399 1219 λυπεῖν
423 1166 886 1235 φιλοτιμουμένης
910 1166 1345 1236 ἐνδεικνυμένης,
1371 1167 1444 1228 ὡς
1468 1167 1515 1219 εἰ
1541 1166 1887 1236 ἐθελήσουσι,

203 1255 293 1307 καὶ
332 1254 503 1307 πλέον
540 1275 593 1307 τι
633 1256 952 1324 δράσουσιν.
1025 1255 1147 1307 242.
1188 1254 1308 1323 ἐμοὶ
1348 1255 1409 1308 δὲ
1447 1257 1519 1324 μὴ
1558 1255 1748 1323 ἀλγεῖν
1785 1253 1887 1325 μὲν

205 1343 307 1395 οὐκ
353 1338 439 1411 ἦν,
488 1355 700 1396 σιωπᾶν
747 1345 808 1397 δὲ
853 1343 1063 1413 ἠξίουν,
1113 1343 1214 1407 ἕως
1254 1344 1438 1396 αὑτῶν
1476 1344 1690 1397 ἀδικεῖν
1726 1364 1886 1397 κατα-

205 1434 430 1499 γνόντες
469 1428 609 1500 ἧσαν
656 1431 717 1485 ἐν
763 1441 879 1495 τοῖς
917 1432 1216 1502 προτέροις.
1293 1441 1387 1501 τῆς
1424 1434 1645 1501 γνώμης
1684 1433 1746 1486 δὲ
1783 1432 1886 1486 οὐκ

139 1540 181 1573 15
206 1520 479 1589 ἀρκούσης
526 1523 602 1583 εἰς
647 1523 834 1573 πίστιν
879 1520 1238 1589 προσεγένετό
1284 1540 1336 1573 τι
1383 1522 1443 1574 τὸ
1490 1522 1591 1589 τὴν
1641 1521 1887 1589 ἀνάγκην

206 1611 350 1677 ἔχον,
406 1610 542 1662 ὥστε
594 1606 731 1678 μηδὲ
784 1609 1146 1676 βουλομένοις
1199 1609 1419 1662 ἀπεῖναι
1474 1607 1686 1672 ἐξεῖναι.
1766 1609 1794 1662 ὅ
1833 1630 1886 1662 τι

207 1697 269 1749 δὲ
306 1705 469 1750 τοῦτο
508 1693 594 1766 ἦν,
636 1696 793 1761 ἔδοξέ
828 1719 922 1767 μοι
961 1699 1033 1767 μὴ
1072 1698 1266 1765 λέγειν.

317 1786 438 1839 243.
503 1787 575 1838 Τὸ
626 1783 686 1839 δὲ
732 1787 914 1849 πάθος
961 1786 1139 1840 ἐκεῖνο
1184 1787 1245 1839 τὸ
1285 1795 1379 1855 τῆς
1416 1791 1656 1857 κεφαλῆς
1694 1788 1754 1840 τὸ
1794 1786 1888 1856 ἀρ-

206 1883 380 1943 χαῖον,
429 1875 458 1928 ὃ
505 1877 740 1944 βροντῆς
787 1877 953 1945 ἔργον
999 1874 1258 1944 ἐγεγόνει,
1307 1875 1563 1928 διαλιπὸν
1602 1874 1887 1928 ἑκκαίδεκα

140 1983 183 2016 20
207 1965 322 2031 ἔτη,
373 1963 540 2016 πάλιν
593 1962 830 2016 ἐνέκειτο
881 1963 972 2016 καὶ
1027 1959 1096 2031 ἦν
1150 1965 1529 2034 χαλεπώτερον
1583 1962 1887 2033 ἀρξάμενον

207 2051 550 2122 εὐθὺςρμετά
587 2053 687 2120 τὴν
725 2054 987 2120 μεγίστην
1027 2051 1239 2121 ἑορτήν,
1278 2053 1311 2120 ἤ
1347 2072 1409 2120 γε
1440 2053 1599 2120 κοινὴ
1637 2061 1748 2104 τῶν
1777 2052 1884 2104 ὑπὸ

201 2123 478 2207 Ῥωμαίοις
532 2141 732 2208 ὄντων,
796 2140 918 2202 δέος
971 2160 1029 2193 τε
1083 2136 1170 2209 ἦν,
1229 2142 1301 2209 μὴ
1356 2141 1744 2209 κατενεχθείην
1797 2138 1886 2192 ἐπὶ

209 2230 479 2298 συνουσίᾳ
517 2238 628 2280 τῶν
658 2229 872 2281 παίδων
902 2231 1231 2297 καθήμενος,
1263 2223 1332 2296 ἦν
1364 2226 1424 2281 δὲ
1454 2229 1543 2281 καὶ
1577 2226 1663 2280 ἐπὶ
1695 2230 1885 2295 κλίνης

327 2362 351 2400 6
385 2358 605 2402 Themist.
637 2358 667 2402 1.
701 2358 730 2401 l.
765 2374 809 2415 p.
837 2363 935 2414 278,
963 2363 1017 2402 25
1036 2374 1100 2415 sq.
1226 2364 1278 2402 19
1313 2374 1357 2415 p.
1384 2362 1454 2414 85,
1481 2363 1505 2401 3
1525 2373 1590 2414 sq.

327 2481 352 2519 2
392 2477 497 2519 ἀντὶ
526 2483 608 2520 τοῦ
639 2483 731 2520 τῶν
762 2478 806 2521 L
925 2482 953 2519 4
986 2474 1142 2520 ’κείνω
1175 2478 1221 2520 Β
1303 2474 1439 2520 κείνω
1482 2475 1563 2519 VL
1683 2478 1708 2516 5
1748 2474 1885 2534 ἑτέρῳ

209 2534 313 2577 coni
336 2535 403 2577 Re
496 2541 520 2579 6
554 2534 740 2579 ἐκόλασε
773 2537 854 2578 aut
885 2533 1100 2591 ἐζημίωσε
1131 2536 1238 2591 post
1269 2535 1355 2578 δύο
1387 2534 1612 2578 excidisse
1643 2535 1781 2589 putat
1802 2534 1884 2589 Re,

207 2593 404 2636 fortasse
435 2596 558 2637 recte
594 2597 598 2650 Ι
639 2592 683 2638 δ’
711 2595 846 2638 PVL
876 2595 944 2638 Re
1079 2599 1104 2638 8
1137 2592 1272 2648 ἑτέρω
1297 2595 1340 2637 L
1476 2593 1642 2646 1130&
1673 2593 1782 2635 ante
1814 2593 1885 2636 ἐν-

209 2651 510 2708 δεικνυμένης
540 2653 766 2696 excidisse
796 2653 979 2697 videtur
1107 2658 1160 2695 12
1191 2649 1235 2695 τί
1267 2653 1367 2695 BV
1482 2655 1534 2694 13
1568 2652 1720 2695 αὐτῶν
1744 2652 1825 2695 VL

212 2716 264 2754 15
298 2711 363 2760 εἰς
394 2711 556 2766 scripsi
588 2725 613 2754 e
636 2713 717 2756 VL
750 2712 852 2755 coll.
889 2717 986 2766 194,
1013 2717 1067 2755 15
1128 2711 1245 2765 πρὸς
1275 2711 1449 2755 AOPB
1481 2710 1571 2754 edd
1599 2713 1604 2766 Ι
1638 2710 1689 2753 τὸ
1723 2709 1886 2766 scripsi

209 2770 311 2812 coll.
347 2774 444 2824 166,
480 2774 533 2812 13
627 2769 649 2814 ὃ
689 2770 818 2823 libri,
858 2771 983 2827 quod
1022 2770 1175 2813 delere
1214 2772 1296 2813 aut
1327 2783 1431 2812 cum
1469 2770 1548 2813 καὶ
1577 2771 1757 2812 mutare
1786 2769 1886 2812 vult

208 2828 275 2871 Rc
369 2834 420 2872 16
456 2827 479 2872 ὅ
509 2845 552 2871 τι
586 2828 750 2884 scripsi
782 2843 807 2873 c
831 2830 875 2872 B
938 2828 1007 2872 ὅτι
1037 2828 1206 2884 reliqui
1237 2828 1347 2871 libri
1379 2828 1469 2871 cdd
1562 2832 1615 2870 18
1647 2828 1697 2871 τὸ
1723 2841 1885 2871 secun-

209 2887 320 2930 dum
351 2901 426 2930 om
452 2889 496 2931 V
610 2891 665 2930 20
698 2886 900 2932 ἐπέκειτο
921 2889 1002 2932 VL
1123 2892 1175 2930 21
1210 2903 1260 2944 γε
1293 2886 1457 2943 scripsi
1515 2903 1563 2931 τε
1595 2886 1703 2930 libri
1734 2886 1826 2946 cdd

207 2962 276 2996 τις
308 2946 411 2990 coni
433 2946 501 2990 Re
1744 2952 1747 2956 “
