2026 3168
1384 35 1404 80 ⁸

204 147 313 201 202
741 148 968 192 LIBANH
1000 147 1340 193 ORATIONES

201 282 294 337 καὶ
343 282 621 355 ἐδάκρυσα
674 284 746 347 ὡς
797 285 865 352 δὴ
915 283 1411 353 μετακεκινημένου
1461 305 1554 354 μοι
1607 291 1706 338 τοῦ
1756 286 1886 352 βίου

200 371 293 425 καὶ
331 380 427 440 τῆς
464 371 596 434 τέως
634 371 759 443 περὶ
798 374 928 435 τοὺς
967 375 1167 441 λόγους
1207 374 1452 441 σπουδῆς
1491 371 1569 426 ἐπ’
1618 374 1757 426 ἄλλα
1795 393 1887 442 με-

199 461 452 529 ταβάσης.
514 461 638 514 278.
677 459 768 514 καὶ
799 468 963 514 τοῦτο
997 458 1099 530 μὲν
1131 462 1198 529 δὴ
1236 469 1509 531 τοιοῦτον,
1548 463 1724 515 πολλὰ
1754 459 1888 531 <δὲ>

199 553 405 602 πωλεῖν
429 548 920 618 ἐπαναγκαζόντων
942 550 1124 619 <τῶν>
1149 549 1252 603 ἀπὸ
1284 557 1380 618 τῆς
1412 551 1680 620 διαθήκης
1709 551 1887 620 ὁρμω-

155 659 175 692 5
198 637 397 707 μένων,
437 636 526 691 ἐπὶ
572 639 816 706 τοῦνομα
861 640 1166 708 πηδώντων
1213 638 1346 692 οὐδὲ
1391 638 1659 693 ἀναπνεῖν
1699 641 1886 693 διδόν-

197 747 309 779 των
354 725 545 796 ἕτερον
589 729 731 780 πολὺ
779 730 963 796 μεῖζον
1010 728 1088 790 εἰς
1134 728 1332 796 λύπην,
1380 725 1434 791 ἐξ
1479 723 1544 796 ἧς
1582 727 1885 797 ἐτύγχανον

196 814 744 885 πεπαιδοποιημένος,
776 818 921 888 νόσῳ
961 822 1141 886 μακρᾷ
1180 818 1420 884 τελευτή,
1453 817 1714 885 γυναικὸς
1752 820 1885 870 πολ-

196 908 309 956 λῶν
356 901 611 967 ἀνταξίας
658 906 946 958 διακόνων.
1023 903 1147 957 ἀντὶ
1193 912 1292 958 τοῦ
1339 906 1440 974 τὴν
1496 905 1884 975 δραμουμένην

195 994 340 1061 ἔχειν
394 991 635 1046 ἐλείπετό
688 1014 781 1060 μοι
834 996 990 1061 βοᾶν.
1066 1001 1130 1063 τῇ
1184 990 1246 1046 δὲ
1299 989 1368 1062 ἦν
1419 990 1521 1063 μὲν
1572 993 1768 1065 ἀνιαρὰ
1817 996 1883 1047 τὰ

130 1103 172 1136 10
196 1083 559 1150 γενησόμενα,
598 1080 689 1135 καὶ
729 1084 834 1152 γὰρ
875 1078 937 1135 εὖ
976 1081 1123 1151 ᾔδει,
1163 1077 1233 1150 ἦν
1280 1079 1341 1135 δὲ
1386 1083 1446 1149 τὸ
1493 1084 1566 1152 μὴ
1613 1083 1711 1136 τὸν
1755 1083 1883 1136 υἱὸν

193 1170 345 1239 ὁρᾶν.
423 1170 545 1223 279.
599 1170 628 1224 ὁ
680 1170 729 1224 δ’
788 1172 894 1242 ἄρα
943 1166 1013 1239 ἧν
1066 1170 1126 1224 ἐν
1180 1170 1366 1242 Θρᾴκῃ
1421 1191 1479 1225 τε
1524 1172 1615 1225 καὶ
1666 1172 1882 1242 Θρᾴκης

192 1261 346 1312 πόλει
395 1267 459 1330 τῇ
514 1268 625 1311 τῶν
677 1260 860 1311 ἄλλων
912 1260 1127 1311 πόλεων
1179 1259 1446 1329 τρυφώσῃ
1501 1267 1616 1321 τοῖς
1671 1260 1880 1328 ἱδρῶσι.

190 1349 537 1418 κατηγόρουν
561 1344 622 1400 δὲ
645 1355 741 1416 τῆς
771 1346 907 1400 ὁδοῦ
938 1345 1031 1400 καὶ
1062 1346 1471 1418 προδεδομένης
1500 1347 1660 1420 ὕθλω
1692 1349 1880 1417 φιλίας

101 1448 143 1492 R
169 1454 253 1493 167
283 1437 502 1506 ὕβρεων
539 1455 597 1489 τε
635 1435 1104 1504 κατακλυζομένης
1138 1434 1144 1506 Ι
1180 1435 1421 1505 ῥεύματι.
1498 1444 1742 1506 πονηρᾶς
1777 1433 1880 1504 μὲν

309 1616 333 1654 2
375 1611 398 1655 ὁ
431 1611 638 1668 γραφεὺς
670 1609 812 1660 ὄντως
843 1608 1120 1668 μεταβέβηκε
1152 1609 1484 1669 (μεταβέβηκας
1508 1611 1569 1668 V)
1600 1611 1682 1655 τὸν
1721 1610 1876 1655 πάντα
1931 1605 1936 1612 ’

187 1677 352 1715 τοῦτον
390 1670 528 1728 λόγον
568 1671 769 1728 ἀτεχνῶς
807 1667 1184 1725 κατακρημνίσας
1221 1671 1301 1713 καὶ
1333 1671 1548 1726 οὐδαμῶς
1583 1670 1694 1722 δοὺς
1733 1671 1876 1714 αὐτοῦ

190 1729 534 1789 λαμβάνεσθαι,
578 1726 646 1772 ὅτι
684 1729 744 1786 μὴ
784 1726 985 1784 ἀπορίας
1020 1729 1065 1781 ἐξ
1098 1730 1322 1784 ἀποριῶν,
1361 1729 1422 1780 ὡς
1454 1729 1504 1772 ἐκ
1534 1736 1615 1773 τοῦ
1650 1727 1875 1786 ἀνομοίου

187 1787 343 1839 τέλους
366 1789 446 1832 καὶ
468 1788 552 1845 τὴν
575 1795 657 1833 τοῦ
681 1786 1081 1845 προδιηνυσμένου
1106 1786 1243 1844 λόγου
1267 1787 1446 1845 ἡδονὴν
1471 1787 1660 1846 συγχέαι
1675 1792 1739 1848 τῷ
1756 1789 1872 1833 ἀνα-

190 1848 484 1905 γινώσκοντα
521 1849 564 1892 V
709 1852 764 1890 14
803 1845 991 1899 εἰκότως
1020 1847 1071 1890 τὸ
1103 1854 1185 1891 τοῦ
1221 1846 1359 1904 λόγου
1398 1854 1531 1892 τοῦτο
1570 1855 1666 1891 πᾶν
1705 1846 1875 1906 χωρίον

185 1915 267 1952 τοῦ
302 1906 451 1964 ὀρθοῦ
485 1905 746 1952 ἐκπέπτωκε
777 1912 857 1962 τῆς
887 1905 1065 1963 τέχνης·
1101 1905 1124 1950 ὁ
1158 1905 1245 1963 γὰρ
1280 1906 1337 1962 δὴ
1371 1903 1519 1963 ῥήτωρ
1554 1903 1688 1958 οὗτος
1715 1900 1749 1965 ᾧ
1775 1906 1873 1963 ἐμέ-

186 1969 291 2024 λησε
331 1965 501 2022 σοφίας
538 1966 707 2022 ταύτης
743 1972 825 2022 τῆς
863 1972 1039 2022 μωρᾶς,
1085 1966 1151 2016 εἰς
1188 1965 1271 2022 τὴν
1303 1964 1529 2022 ἀμείνονα
1561 1966 1875 2023 ἐκτυφλωθεὶς

187 2022 375 2081 σοφίαν,
399 2024 512 2083 λέγω
535 2025 593 2082 δὴ
617 2025 700 2081 τὴν
717 2032 799 2069 τοῦ
826 2025 944 2082 ἔχειν
969 2025 1175 2082 (ἰδεῖνῘῙ)
1200 2025 1307 2079 περὶ
1329 2028 1447 2069 θεοῦ
1472 2025 1554 2081 τὴν
1579 2024 1801 2081 καθαράν
1825 2042 1873 2070 τε

307 2192 328 2230 1
357 2186 621 2242 ἐδάκρυσαν
645 2188 689 2231 L
710 2187 713 2246 Ι
744 2190 818 2231 δεῖ
839 2187 944 2231 coni
968 2187 1070 2230 Mor
1097 2188 1103 2244 Ι
1131 2186 1548 2244 μετακεκινημένου
1574 2187 1738 2244 scripsi
1763 2201 1869 2231 auc-

185 2247 284 2290 tore
317 2247 384 2289 Re
447 2245 561 2304 μέγα
589 2246 696 2302 περὶ
720 2245 801 2302 μὲν
828 2243 911 2291 οὖν
939 2246 1110 2290 CPBL
1135 2246 1226 2290 cdd
1287 2244 1401 2302 μέγα
1424 2243 1531 2302 περί
1554 2262 1602 2291 τε
1621 2248 1664 2290 V
1740 2251 1764 2289 2
1791 2246 1870 2290 καὶ

186 2318 261 2348 om
287 2307 356 2361 Vl
391 2305 503 2356 τέως
534 2305 698 2362 scripsi
730 2307 917 2349 auctore
949 2305 1015 2348 Re
1076 2321 1124 2349 τε
1156 2301 1215 2348 αὖ
1247 2305 1357 2348 libri
1389 2306 1480 2349 edd
1507 2308 1512 2362 Ι
1546 2306 1653 2355 τοὺς
1683 2319 1757 2348 om
1782 2306 1826 2349 L
1861 2305 1865 2363 Ι

185 2362 438 2422 μεταβαίης
462 2365 504 2408 L
589 2369 613 2407 3
646 2364 697 2408 δὲ
722 2363 896 2408 inserui
979 2368 1006 2406 4
1037 2364 1225 2422 πωλεῖν]
1253 2365 1333 2408 καὶ
1357 2367 1506 2420 ζητεῖν
1530 2366 1576 2408 Ρ
1633 2380 1687 2421 γρ
1719 2367 1868 2420 ζητεῖν

195 2424 238 2467 V
262 2423 312 2466 in
343 2437 475 2479 marg
510 2425 515 2481 Ι
549 2431 641 2467 τῶν
672 2423 848 2467 inserui
881 2425 1068 2467 auctore
1099 2423 1168 2466 Re
1259 2427 1284 2467 5
1317 2423 1462 2467 uo’ml?
1556 2427 1579 2465 7
1613 2426 1766 2483 μακρᾷ
1796 2439 1867 2466 τε-

183 2481 318 2536 λευτή
356 2482 541 2526 restitui
580 2496 604 2526 e
635 2482 767 2525 libris
799 2484 970 2538 (μακρᾶ
1001 2485 1186 2526 τελευτᾶ
1207 2483 1266 2539 V)
1328 2485 1502 2538 μακρᾶ·
1543 2481 1726 2537 τελευτὴ
1757 2482 1869 2525 Fen·

183 2540 285 2584 Mor
371 2544 524 2602 μακρᾷ
555 2541 880 2597 τελευτησάσης
910 2528 977 2584 R‘e
1127 2545 1152 2584 8
1194 2539 1415 2593 ἀνταξίας
1445 2527 1513 2584 Re
1544 2554 1569 2583 e
1601 2540 1866 2584 coniectura
1909 2579 1914 2588 .

182 2599 367 2643 Morclli
442 2599 659 2653 ἀντάξιος
689 2600 799 2643 libri
829 2601 940 2644 Ferr
970 2600 1071 2642 Mor
1105 2603 1110 2656 Ι
1152 2606 1234 2644 τοῦ
1265 2599 1348 2655 τὴν
1380 2598 1705 2655 δραμουμένην
1738 2600 1805 2643 Re

182 2658 358 2702 τούτων
390 2658 711 2715 δραμουμένης
740 2658 849 2702 libri
880 2659 991 2702 Feri·
1021 2659 1122 2702 Mor
1222 2662 1275 2702 10
1306 2653 1364 2714 ἦν
1397 2659 1447 2702 δὲ
1480 2659 1529 2702 ἐν
1551 2665 1648 2708 τοῖς
1671 2658 1866 2714 μάλιστα

182 2717 235 2760 τὸ
269 2717 373 2760 coni
403 2717 470 2760 Re
509 2719 515 2773 Ι
557 2717 605 2760 υἱ
636 2718 684 2760 in
715 2717 821 2762 υἱὸν
852 2717 901 2760 in
931 2732 1007 2761 ras
1039 2718 1104 2762 P⁸
1233 2722 1284 2760 11
1327 2716 1531 2778 Θρᾴκης]
1569 2716 1728 2773 Θράκη
1761 2719 1804 2761 L

184 2780 238 2818 12
270 2775 343 2833 τῇ]
378 2775 435 2818 τὰ
459 2777 502 2819 L
596 2781 648 2819 13
682 2777 732 2820 δὲ
765 2777 930 2832 scripsi
961 2793 1008 2821 τε
1039 2776 1149 2819 libri
1180 2776 1271 2818 edd
1299 2777 1305 2832 Ι
1331 2773 1676 2832 προδεδομένης
1700 2776 1863 2832 scripsi

180 2833 523 2890 προδεδομένος
547 2835 589 2877 L
671 2834 1013 2891 προδιδομένης
1043 2835 1213 2893 reliqui
1245 2835 1354 2878 libri
1386 2835 1477 2877 edd
1505 2835 1510 2892 Ι
1538 2834 1666 2894 ὕθλῳ
1699 2835 1863 2891 scripsi

180 2891 312 2952 ὕπνῳ
336 2893 445 2936 libri
464 2894 554 2936 edd
628 2899 683 2936 14
700 2892 1096 2949 κατακλυζομένης
1124 2894 1286 2949 scripsi
1301 2896 1488 2937 auctore
1512 2894 1578 2936 Re
1640 2897 1863 2937 κατακλυ-

181 2950 368 3009 ζόμενος
390 2951 500 2995 libri
525 2952 615 2996 edd
643 2955 648 3009 Ι
676 2959 885 3009 πονηρᾶς
909 2953 1072 3008 scripsi
1097 2953 1283 2996 auctore
1308 2953 1375 2996 Re
1431 2951 1614 3009 πονηρὰ
1638 2953 1747 2996 libri
1771 2953 1862 2996 edd
