2026 3168
177 127 282 180 180
718 126 944 171 LIBANII
976 126 1316 171 ORATIONES

175 260 236 316 δὲ
282 261 362 316 ἔτι
408 263 572 315 τοῦδε
612 260 928 332 Ῥιχομήρης
975 265 1186 331 ἔρχεται
1234 265 1549 333 στρατηγός,
1592 264 1760 331 ἱεροῖς
1797 283 1854 316 τε

174 350 264 404 καὶ
311 357 466 413 θεοῖς
513 353 906 421 προσκείμενος
954 352 1274 420 ἄνθρωπος,
1331 350 1390 413 ὃς
1440 353 1546 421 ἤρα
1591 351 1692 420 μέν
1746 372 1853 421 μου

177 439 267 493 καὶ
307 439 440 509 πρὶν
481 440 637 508 ἰδεῖν,
678 441 750 503 ὡς
789 442 908 493 τότε
948 438 1371 508 ἐδιδασκόμεθα,
1413 441 1549 493 ἰδὼν
1588 441 1649 493 δὲ
1680 441 1857 493 πάντα

132 552 154 582 4
177 530 344 581 τᾶλλα
377 528 533 596 άφεὶς
567 530 738 597 εἴχετό
770 548 827 580 τε
858 526 948 581 καὶ
983 527 1155 581 ἐδεῖτο
1191 532 1478 596 φιλεῖσθαι
1505 529 1595 581 καὶ
1621 530 1668 581 εἰ
1692 531 1856 582 τοῦδε

89 630 130 673 R
153 635 235 672 137
268 618 440 686 τύχοι,
468 624 566 670 τοῦ
596 614 600 688 Ι
637 619 897 686 μεγίστου
924 615 992 669 ἂν
1022 617 1282 684 ἡγεῖσθαι
1315 619 1463 685 ἔλεγε
1494 617 1856 687 τετυχηκέναι,

176 705 471 774 γενομένης
511 702 572 758 δὲ
611 707 743 774 ἡμῖν
783 708 972 774 φιλίας
1009 714 1124 768 τοῖς
1164 705 1230 758 οὐ
1273 710 1535 774 φιλοῦσιν
1565 707 1702 775 ἡμᾶς
1742 706 1858 759 ἄνι-

177 806 313 863 αρᾶς
367 796 582 863 ἔρχεταί
632 813 688 846 τε
744 794 815 855 ὡς
869 792 1096 862 βασιλέα
1149 792 1239 846 καὶ
1297 793 1510 862 μέλλων
1554 799 1732 848 τελεῖν
1782 797 1859 857 εἰς

175 884 273 936 τὸν
320 893 429 936 τῶν
475 882 701 935 ὑπάτων
748 883 917 951 χορὸν
963 883 1180 944 διπλοῖς
1221 901 1286 948 με
1337 881 1515 935 ἐκάλει
1562 883 1857 953 γράμμασι,

175 981 290 1034 τοῖς
337 972 438 1040 μὲν
489 972 685 1039 αὑτοῦ,
736 972 797 1024 τὸ
848 981 958 1023 τῶν
1008 972 1190 1024 ἄλλων
1240 980 1440 1040 ποιῶν,
1487 980 1602 1033 τοῖς
1649 972 1720 1024 δὲ·
1758 980 1856 1024 τοῦ

115 1081 156 1113 10
180 1060 460 1129 βασιλέως,
502 1061 529 1114 ὃ
572 1061 726 1113 οὔπω
767 1062 1016 1128 πρόσθεν
1055 1059 1312 1128 ἐγεγόνει.
1381 1060 1502 1112 220.
1543 1059 1758 1128 ἐγένετο
1799 1061 1860 1113 δὲ

177 1149 323 1220 αὐτῷ
357 1150 445 1201 καὶ
485 1148 612 1219 παρ’
651 1149 804 1218 ἡμῶν
837 1150 999 1216 λόγος
1032 1147 1276 1201 ἐπαινεῖν
1308 1148 1476 1201 αὐτὸν
1506 1150 1858 1217 βουλόμενος,

178 1239 224 1289 εἰ
264 1236 366 1306 μέν
404 1257 456 1289 τι
496 1237 665 1290 πλέον
704 1246 814 1290 τῶν
852 1238 998 1306 παρὰ
1033 1246 1142 1289 τῶν
1184 1238 1365 1290 ἄλλων
1395 1235 1550 1306 ἔχων,
1584 1237 1685 1290 οὐκ
1717 1233 1859 1306 οἶδα,

179 1318 260 1388 οἷς
308 1324 356 1377 δ’
411 1322 514 1378 οὖν
562 1321 738 1394 εἶχον,
785 1324 876 1389 καὶ
924 1325 1088 1388 αὐτὸς
1136 1324 1336 1392 ἐτίμων
1389 1326 1487 1378 τὸν
1540 1327 1858 1396 στρατηγόν.

179 1414 388 1482 λέγεται
429 1411 489 1466 δὲ
532 1415 620 1466 καὶ
657 1413 1002 1482 ἐρωτώμενος
1032 1414 1141 1467 ὑπὸ
1173 1422 1273 1467 τοῦ
1307 1422 1545 1483 χρηστοῦ
1577 1414 1859 1483 βασιλέως,

112 1524 153 1557 15
179 1503 284 1574 ὅτῳ
327 1503 394 1570 δὴ
433 1503 664 1571 μάλιστα
703 1512 814 1555 τῶν
852 1504 981 1572 τῇδε
1020 1504 1235 1571 ἡσθείη,
1274 1503 1481 1571 τούμὸν
1528 1504 1701 1555 εἰπεῖν
1740 1520 1860 1555 ποι-

178 1593 309 1660 ῆσαί
344 1611 401 1643 τε
440 1590 650 1659 ἐρῶντά
689 1612 795 1660 μου
837 1593 934 1644 τὸν
973 1593 1150 1660 ἄνδρα
1181 1595 1390 1658 μᾶλλον
1429 1590 1558 1660 ἐρᾶν
1599 1591 1769 1660 φάναι
1801 1611 1859 1644 τε

103 1687 105 1689 ’
177 1679 268 1732 καὶ
308 1688 403 1747 τῆς
443 1682 609 1749 δεῦρο
651 1679 944 1749 ἐπιθυμεῖν
985 1680 1121 1733 ὁδοῦ
1163 1679 1298 1749 ἐμοῦ
1338 1680 1512 1749 χάριν.

290 1769 412 1821 221.
461 1773 634 1821 Τοῦτο
675 1766 777 1837 μὲν
817 1770 884 1837 δὴ
922 1776 1194 1822 τοιοῦτον.
1272 1770 1319 1821 εἰ
1375 1769 1436 1821 δὲ
1473 1769 1564 1820 καὶ
1601 1769 1662 1821 τὸ
1702 1769 1860 1837 εὐχῆς

115 1879 155 1911 19
180 1866 366 1926 τυχεῖν
406 1857 642 1926 εὐτυχές,
684 1857 924 1926 εὐξάμην
955 1855 1109 1925 λῆξαι
1144 1859 1404 1927 Πρόκλον
1442 1865 1537 1925 τῆς
1577 1856 1760 1926 ἀρχῆς,
1791 1857 1861 1925 ἣν

93 1959 135 2002 R
158 1963 240 2002 138
272 1947 576 2015 τυραννίδα
603 1946 864 2015 ἀπέφηνε.
903 1947 994 1998 καὶ
1020 1946 1086 1998 οὐ
1119 1946 1295 2014 μάτην
1326 1965 1387 2014 γε
1421 1944 1675 2014 εὐξάμην,
1703 1944 1708 2015 Ι
1737 1943 1853 1998 ἀλλ’

183 2036 235 2087 οἱ
282 2035 406 2087 θεοὶ
452 2036 616 2087 τοῦτό
663 2033 707 2086 τ’
756 2036 958 2088 ἔδοσαν
1003 2034 1093 2087 καὶ
1139 2034 1487 2103 προσέθεσαν
1525 2035 1586 2087 τὸ
1625 2032 1715 2087 καὶ
1755 2036 1861 2087 σὺν

182 2122 548 2194 ἀσχημοσύνῃ.
613 2123 883 2192 δραπέτης
915 2124 1018 2193 γὰρ
1053 2124 1119 2191 δὴ
1153 2119 1238 2192 ἦν,
1276 2123 1438 2186 αὐτὸς
1478 2121 1673 2176 ἑαυτὸν
1706 2122 1862 2175 έλαύ-

303 2318 324 2355 1
359 2310 629 2370 εΡιχομήρης
660 2313 825 2369 scripsi
857 2327 912 2356 ex
942 2302 1117 2358 ACPB
1187 2310 1473 2370 ῥὐγχομήρης
1498 2313 1541 2356 V
1603 2309 1862 2370 ῥὐχομήνης

183 2417 227 2459 L
292 2413 573 2472 Ῥυχομήρης
604 2416 695 2459 edd
809 2421 833 2458 6
868 2389 993 2472 ἡμῶν
1026 2418 1056 2472 (ι
1093 2429 1316 2471 suprascr.
1345 2416 1387 2471 υ)
1423 2415 1461 2459 C
1516 2414 1643 2471 ἡμῶν
1675 2431 1728 2472 γρ
1761 2414 1862 2457 Mor

182 2474 232 2517 in
263 2487 395 2530 marg
422 2477 427 2530 Ι
465 2477 572 2530 post
604 2492 637 2530 φ
669 2475 719 2518 in
752 2478 964 2530 φιλοῦσιν
994 2489 1069 2518 ras
1100 2474 1236 2518 unius
1268 2474 1453 2518 litterae
1484 2474 1534 2516 in
1568 2474 1606 2518 Ο
1720 2478 1745 2516 8
1778 2472 1861 2529 μὲν

194 2534 275 2576 VL
379 2537 404 2575 9
438 2534 580 2577 αὑτοῦ
612 2535 680 2577 Re
742 2534 885 2577 αὐτοῦ
917 2534 1026 2577 libri
1055 2534 1166 2577 Ferr
1190 2533 1291 2576 Mor
1395 2537 1448 2575 10
1482 2532 1531 2576 δὲ
1563 2532 1643 2575 καὶ
1675 2533 1861 2592 αὐτῷΒ

246 2596 297 2634 11
332 2609 366 2634 ω
399 2592 447 2634 in
475 2591 602 2647 ἡμῶν
634 2593 682 2635 in
707 2606 781 2635 ras
807 2594 851 2636 A
945 2598 997 2636 12
1031 2589 1179 2649 εἷχενὶ)
1273 2596 1325 2634 13
1359 2592 1409 2634 δὲ
1434 2598 1577 2650 γοῦνζ.)
1671 2596 1723 2634 15
1755 2592 1860 2634 τού-

185 2694 272 2750 μὸν
313 2692 459 2749 ὄνομα
498 2695 768 2738 Msohmidt
798 2695 962 2739 Philol.
997 2695 1038 2738 X
1070 2699 1153 2738 613
1197 2695 1202 2751 Ι
1251 2666 1397 2738 dag?
1424 2696 1508 2750 (εῖν
1541 2707 1778 2750 suprapos.
1811 2695 1859 2748 n)

188 2754 224 2797 O
298 2749 395 2796 εἷπε
427 2754 470 2797 L
503 2755 550 2796 et
580 2771 633 2809 γρ
668 2753 767 2797 Mor
798 2754 847 2796 in
877 2768 1011 2811 marg
1140 2758 1192 2796 17
1226 2750 1355 2808 δεῦρ’
1382 2755 1427 2798 Β
1561 2757 1613 2795 18
1649 2760 1861 2797 τοιοῦτον

186 2811 350 2867 scripsi
389 2825 493 2855 oum
533 2811 687 2855 Gasda
776 2821 995 2857 τοσοῦτον
1034 2812 1142 2856 libri
1182 2812 1272 2855 edd
1437 2816 1492 2854 20
1532 2828 1581 2868 γε
1621 2826 1695 2855 om
1721 2813 1803 2857 VL

185 2875 240 2913 21
272 2869 412 2973 τοῦτὲ
438 2868 502 2928 τ’]
535 2867 662 2914 τοῦτ’
692 2872 824 2915 PVL
855 2889 909 2928 γρ
942 2872 1043 2915 Mor
1073 2871 1122 2914 in
1152 2884 1286 2926 marg
1358 2868 1487 2914 ταῦτ’
1518 2871 1563 2914 Β
1605 2873 1610 2926 Ι
1652 2868 1861 2926 προσετί-

185 2932 335 2974 θεσαν
