2026 3168
165 138 195 190 7
201 138 233 190 6
703 137 930 182 LIBANII
960 138 1303 182 ORATIONES

169 272 389 345 (Lipsiae
425 270 659 343 1766)¹),
692 278 900 339 denique
930 278 983 325 in
1015 278 1203 326 schedis
1234 278 1420 326 relictis
1453 278 1660 341 sanavit,
1697 277 1846 325 etiam

167 353 347 400 melius
387 352 444 398 de
484 351 691 398 Libanio
730 351 1010 411 meriturus,
1049 352 1091 399 si
1129 353 1288 398 fatum
1327 353 1372 399 ei
1409 351 1711 414 permisisset
1749 352 1850 399 suis

167 427 322 487 ipsius
369 426 521 472 oculis
568 423 850 486 viribusque
899 424 1163 473 editionem
1209 441 1391 473 curare.
1477 425 1568 472 Cui
1612 426 1684 472 rei
1729 441 1852 472 uxor

168 499 267 546 fida
307 499 437 546 socia
475 497 658 545 laboris
697 499 887 560 mariti,
933 515 1032 546 non
1072 499 1205 546 omni
1245 514 1301 546 ex
1342 501 1483 561 parte
1531 515 1700 562 parem
1748 514 1851 547 sese

171 573 437 635 praestitit.
514 572 763 633 Imprimis
801 574 854 619 in
892 571 1022 620 bello
1063 588 1172 620 cum
1210 572 1482 634 typothetis
1522 573 1733 636 gerendo
1779 572 1853 619 in-

168 646 286 693 felix
325 647 434 693 fuit.
505 646 615 692 Tali
652 651 799 707 pacto
839 646 1032 707 accidit,
1070 649 1127 694 ut
1165 646 1447 708 saepissime
1478 649 1624 694 notae
1655 648 1854 694 tantum

170 721 272 768 sint
316 719 527 780 Reiskii,
580 721 743 767 textus
790 720 1111 768 Morellianae
1160 719 1412 781 editionis,
1465 721 1545 768 vel
1590 723 1648 768 ut
1693 720 1855 768 desint

170 793 411 841 vocabula
443 809 569 855 quae
608 794 662 841 in
698 793 791 841 hac
832 794 951 855 quin
991 795 1141 841 etiam
1178 795 1231 841 in
1262 794 1566 841 Ferrariensi
1602 796 1734 842 recte
1774 810 1853 841 ex-

170 870 319 916 stant.
399 868 581 916 Textus
622 867 851 915 editionis
892 870 1128 929 quattuor
1165 867 1496 916 voluminibus
1542 867 1729 915 formae
1776 883 1853 915 oc-

169 944 314 990 tavae
348 941 724 1002 comprehensae
757 935 1078 1008 (Altenburgi
1114 938 1500 1004 1791—1797)
1545 941 1606 988 ab
1639 942 1852 989 editione

172 1015 359 1063 formae
400 1017 605 1076 quartae
646 1031 771 1076 quae
810 1015 969 1077 primo
1001 1016 1250 1064 volumine
1282 1014 1463 1062 ibidem
1499 1016 1639 1063 1784
1681 1015 1855 1063 emisso

171 1089 332 1150 desiit,
370 1104 469 1136 non
502 1088 722 1137 diversus
762 1092 849 1137 cst.
921 1088 1010 1145 Qui
1047 1104 1301 1138 censuram
1333 1089 1436 1152 egit
1465 1090 1643 1151 prioris
1684 1088 1855 1136 editio·

171 1163 249 1211 nis
287 1162 469 1210 Daniel
499 1163 891 1225 Wyttenbach
931 1156 1081 1229 (Bibl.
1123 1163 1228 1210 crit.
1262 1164 1356 1211 vol.
1390 1162 1467 1210 ΙΠ
1503 1178 1619 1224 pars
1650 1163 1701 1210 H
1739 1163 1855 1209 Am-

173 1236 434 1285 stelodami
478 1238 618 1284 1790
664 1253 710 1298 p.
756 1230 1088 1303 76-102)2)
1135 1237 1397 1284 nonnullos
1444 1237 1575 1285 locos
1623 1254 1648 1284 e
1693 1236 1856 1299 priore

171 1312 312 1372 parte
351 1309 500 1358 Vitae
540 1310 725 1372 optime
765 1311 1031 1372 explicavit
1071 1311 1459 1372 emendavitque.

280 1385 400 1432 Post
452 1384 707 1431 Reiskium
758 1400 900 1432 nemo
955 1385 1013 1432 de
1059 1384 1266 1432 Libanio
1321 1383 1622 1432 emendando
1676 1383 1851 1431 melius

171 1457 353 1505 meruit
393 1474 540 1519 quam
579 1458 923 1506 Fridericus
963 1458 1294 1520 Iacobsius,
1343 1458 1420 1505 illi
1459 1460 1509 1505 et
1547 1459 1768 1512 acumine
1809 1459 1858 1504 et

171 1532 381 1580 lectione
421 1533 716 1594 scriptorum
763 1548 1049 1596 graecorum
1099 1533 1200 1580 fere
1249 1549 1360 1594 par,
1414 1532 1498 1593 qui
1549 1547 1647 1579 non
1697 1532 1858 1580 solum

174 1605 361 1653 codices
408 1606 725 1654 Monacenses
774 1608 823 1654 et
868 1606 1380 1654 Wolfenbuttelanum
1433 1598 1720 1671 contulitss),
1774 1605 1858 1653 sed

175 1680 348 1742 etiam,
388 1682 444 1726 ut
484 1680 674 1728 occasio
713 1680 923 1740 ferebat,
969 1681 1022 1727 in
1059 1681 1191 1728 notis
1232 1680 1294 1727 ad
1333 1679 1593 1741 scriptores
1641 1679 1702 1726 ab
1749 1679 1856 1741 ipso

175 1745 388 1819 editos4)
440 1753 623 1801 multas
663 1754 967 1802 coniecturas
1006 1753 1191 1815 publici
1229 1753 1350 1801 iuris
1396 1754 1528 1815 fecit,
1572 1753 1738 1814 plures
1785 1755 1858 1800 in-

295 1941 337 1995 1)
376 1938 533 1981 Pauca
571 1938 666 1980 iam
697 1937 747 1980 in
776 1937 919 1981 Novis
951 1937 1266 1982 Miscellaneis
1296 1937 1384 1982 vol.
1409 1937 1451 1981 V
1490 1937 1693 1994 (Lipsiae
1727 1939 1858 1993 1747)

174 2013 219 2054 p.
247 2002 329 2041 721
365 1999 412 2041 et
446 2002 528 2040 722
562 1998 857 2042 tractaverat.

295 2059 338 2114 2)
370 2056 575 2100 Eaedem
619 2057 746 2110 sunt,
788 2058 843 2099 ut
882 2055 955 2099 SG
998 2056 1055 2099 de
1086 2055 1219 2100 Vries
1262 2069 1443 2099 mecum
1488 2055 1858 2109 communicavit,

175 2117 314 2158 notae
347 2128 468 2171 quac
501 2119 526 2158 6
552 2115 679 2158 foliis
705 2115 877 2158 codicis
901 2108 1216 2159 bibliothecae
1239 2114 1477 2159 Leidensis
1509 2129 1553 2159 11.
1581 2118 1679 2158 270.
1711 2091 1859 2156 XXIII

174 2174 322 2230 Wytt.
348 2179 405 2218 45
438 2174 753 2227 continentur,
794 2174 863 2217 ita
895 2187 923 2216 a
955 2173 1135 2227 Geelio,
1178 2172 1324 2218 Catal.
1357 2173 1460 2217 libr.
1494 2188 1601 2217 mss.
1636 2173 1716 2228 qui
1747 2173 1856 2216 inde

176 2245 204 2276 a
223 2238 335 2277 1741
362 2235 667 2286 accesserunt,
695 2233 1014 2288 descriptaez,
1019 2234 1375 2292 ,Wyttenbachii
1397 2233 1706 2290 autoyraphae
1727 2237 1859 2275 ‘notae

175 2294 238 2336 ad
268 2293 463 2337 Libanii
493 2294 742 2336 orationem
772 2292 826 2336 de
856 2293 952 2336 vita
982 2306 1080 2336 sua.
1147 2293 1354 2337 Coro-ecta
1383 2297 1491 2336 swnt
1519 2290 1765 2344 nonnulla,
1807 2291 1859 2333 in

175 2352 364 2407 reliquis
395 2352 648 2396 Reiskiana
679 2352 982 2395 diiudicataf‘

295 2413 339 2467 3)
378 2410 679 2453 Monacenses
719 2425 784 2466 gr.
820 2413 875 2453 96
909 2411 956 2453 et
988 2415 1072 2453 113
1114 2423 1234 2453 anno
1268 2413 1403 2463 1816,
1448 2412 1533 2451 495
1573 2420 1694 2450 611110
1729 2412 1856 2462 1823,

176 2467 661 2512 Wolfenbuttelanum
701 2482 822 2512 anno
856 2473 969 2512 1819
1002 2469 1185 2524 (videp
1233 2471 1306 2525 65)
1345 2466 1554 2511 contulit
1616 2466 1857 2510 Lectiones

176 2527 719 2639 ἶξίΐ11661Ξ11(1(1.>,116111ΡΙ61·117
730 2527 949 2629 eddiiotli‘st
981 2526 1264 2629 Reiskssanae
1295 2526 1420 2581 quod
1451 2525 1589 2606 hodie
1617 2525 1666 2567 in
1690 2525 1857 2568 biblio-

234 2599 316 2629 cca
389 2599 414 2629 o
468 2598 605 2629 e1ana
637 2599 683 2629 es
754 2599 781 2628 a
849 2599 874 2629 0
900 2598 926 2628 6
951 2599 1006 2630 66
1038 2601 1123 2629 sun

297 2647 340 2700 4)
375 2644 491 2687 Sunt
520 2644 638 2687 haec
667 2645 933 2700 potissima:
966 2645 1302 2688 Additamenta
1327 2598 1777 2686 animadversionum
1808 2643 1856 2685 in

177 2703 408 2747 Athenaei
447 2702 885 2758 Deipnosophistas,
924 2703 1062 2746 161166
1095 2707 1231 2756 18093
1278 2701 1526 2758 Appendix
1566 2701 1626 2743 ad
1663 2701 1857 2744 Porsoni

178 2762 470 2815 Adversaria‚
495 2761 682 2818 Lipsiae
709 2766 843 2815 1814;
867 2762 1181 2818 Anthologiac
1204 2773 1400 2818 graecae
1423 2760 1509 2804 vol.
1531 2760 1594 2802 III
1618 2759 1855 2816 (L.1817);

178 2821 384 2864 Achilles
410 2820 572 2863 Tatius
597 2821 662 2876 (L.
691 2822 843 2875 1821);
875 2820 1186 2863 Philostratus
1212 2820 1275 2876 (L.
1305 2821 1457 2876 1825);
1489 2819 1731 2862 Lectiones
1757 2819 1857 2862 Sto-

179 2880 359 2935 benses,
391 2880 529 2923 161166
555 2883 681 2923 1827.
737 2878 960 2922 Aelianus
993 2879 1050 2921 de
1081 2880 1176 2923 nat.
1204 2877 1406 2933 animal.,
1437 2878 1575 2922 lenae
1602 2882 1727 2921 1832.
1778 2877 1857 2920 So-

181 2939 321 2983 cratis
355 2939 621 2996 apologiam
653 2938 812 2981 critice
842 2937 1147 2994 pertractavit
1183 2937 1233 2980 in
1263 2936 1399 2980 Notis
1438 2937 1486 2980 in
1517 2936 1703 2980 Libanii
1732 2936 1857 2992 Apo-
