<?xml version="1.0" encoding="UTF-8"?>
<!DOCTYPE html PUBLIC "-//W3C//DTD XHTML 1.0 Transitional//EN"
    "http://www.w3.org/TR/xhtml1/DTD/xhtml1-transitional.dtd">
<html xmlns="http://www.w3.org/1999/xhtml" xml:lang="en" lang="en">
 <head>
  <title>
</title>
<meta http-equiv="Content-Type" content="text/html;charset=utf-8" />
  <meta name='ocr-system' content='tesseract 3.04.00' />
  <meta name='ocr-capabilities' content='ocr_page ocr_carea ocr_par ocr_line ocrx_word'/>
</head>
<body>
  <div class='ocr_page' id='page_1' title='image "./operarecensuitri01libauoft_0013.png"; bbox 0 0 2026 3168; ppageno 0'>
   <div class='ocr_carea' id='block_1_1' title="bbox 804 162 1820 208">
    <p class='ocr_par' dir='ltr' id='par_1_1' title="bbox 804 162 1820 208">
     <span class='ocr_line' id='line_1_1' title="bbox 804 162 1820 208; baseline 0.002 -2"><span class='ocrx_word' id='word_1_1' title='bbox 804 162 1145 207; x_wconf 84' lang='lat' dir='ltr'><strong>PRAEFATIO</strong></span> <span class='ocrx_word' id='word_1_2' title='bbox 1734 163 1820 208; x_wconf 87' lang='lat' dir='ltr'>VII</span> 
     </span>
    </p>
   </div>
   <div class='ocr_carea' id='block_1_2' title="bbox 129 303 1873 3044">
    <p class='ocr_par' dir='ltr' id='par_1_2' title="bbox 130 303 1822 1842">
     <span class='ocr_line' id='line_1_2' title="bbox 133 303 1816 368; baseline -0.002 -13"><span class='ocrx_word' id='word_1_3' title='bbox 133 306 386 368; x_wconf 87' lang='lat' dir='ltr'>scriptoris</span> <span class='ocrx_word' id='word_1_4' title='bbox 424 305 695 368; x_wconf 72' lang='lat' dir='ltr'><strong>proditura.</strong></span> <span class='ocrx_word' id='word_1_5' title='bbox 758 303 828 352; x_wconf 90' lang='lat' dir='ltr'>Ut</span> <span class='ocrx_word' id='word_1_6' title='bbox 865 305 1177 367; x_wconf 90' lang='lat' dir='ltr'>propositum</span> <span class='ocrx_word' id='word_1_7' title='bbox 1210 303 1340 366; x_wconf 89' lang='lat' dir='ltr'>quod</span> <span class='ocrx_word' id='word_1_8' title='bbox 1379 305 1430 351; x_wconf 91' lang='lat' dir='ltr'>in</span> <span class='ocrx_word' id='word_1_9' title='bbox 1471 304 1562 352; x_wconf 89' lang='lat' dir='ltr'>hac</span> <span class='ocrx_word' id='word_1_10' title='bbox 1602 304 1816 352; x_wconf 79' lang='lat' dir='ltr'>editione</span> 
     </span>
     <span class='ocr_line' id='line_1_3' title="bbox 134 378 1820 442; baseline -0.001 -14"><span class='ocrx_word' id='word_1_11' title='bbox 134 383 248 428; x_wconf 90' lang='lat' dir='ltr'>ante</span> <span class='ocrx_word' id='word_1_12' title='bbox 289 380 454 428; x_wconf 87' lang='lat' dir='ltr'>oculos</span> <span class='ocrx_word' id='word_1_13' title='bbox 493 379 643 427; x_wconf 89' lang='lat' dir='ltr'>habui</span> <span class='ocrx_word' id='word_1_14' title='bbox 684 394 985 440; x_wconf 83' lang='lat' dir='ltr'>exsequerer,</span> <span class='ocrx_word' id='word_1_15' title='bbox 1024 378 1163 440; x_wconf 91' lang='lat' dir='ltr'>prius</span> <span class='ocrx_word' id='word_1_16' title='bbox 1203 378 1509 440; x_wconf 75' lang='lat' dir='ltr'>acquiescere</span> <span class='ocrx_word' id='word_1_17' title='bbox 1547 394 1645 427; x_wconf 90' lang='lat' dir='ltr'>non</span> <span class='ocrx_word' id='word_1_18' title='bbox 1677 379 1820 442; x_wconf 90' lang='lat' dir='ltr'>potui</span> 
     </span>
     <span class='ocr_line' id='line_1_4' title="bbox 134 453 1818 517; baseline -0.001 -15"><span class='ocrx_word' id='word_1_19' title='bbox 134 470 284 517; x_wconf 90' lang='lat' dir='ltr'>quam</span> <span class='ocrx_word' id='word_1_20' title='bbox 324 469 490 503; x_wconf 87' lang='lat' dir='ltr'>omnes</span> <span class='ocrx_word' id='word_1_21' title='bbox 523 454 712 502; x_wconf 89' lang='lat' dir='ltr'>codices</span> <span class='ocrx_word' id='word_1_22' title='bbox 752 454 838 515; x_wconf 93' lang='lat' dir='ltr'>qui</span> <span class='ocrx_word' id='word_1_23' title='bbox 875 453 926 500; x_wconf 93' lang='lat' dir='ltr'>in</span> <span class='ocrx_word' id='word_1_24' title='bbox 959 468 1158 501; x_wconf 91' lang='lat' dir='ltr'>censum</span> <span class='ocrx_word' id='word_1_25' title='bbox 1189 453 1395 501; x_wconf 88' lang='lat' dir='ltr'>veniunt</span> <span class='ocrx_word' id='word_1_26' title='bbox 1426 454 1631 501; x_wconf 85' lang='lat' dir='ltr'>collatos</span> <span class='ocrx_word' id='word_1_27' title='bbox 1669 454 1818 502; x_wconf 90' lang='lat' dir='ltr'>habe-</span> 
     </span>
     <span class='ocr_line' id='line_1_5' title="bbox 132 527 1821 591; baseline -0.001 -14"><span class='ocrx_word' id='word_1_28' title='bbox 132 546 249 577; x_wconf 89' lang='lat' dir='ltr'>rem.</span> <span class='ocrx_word' id='word_1_29' title='bbox 326 529 386 577; x_wconf 94' lang='lat' dir='ltr'>In</span> <span class='ocrx_word' id='word_1_30' title='bbox 425 530 671 591; x_wconf 84' lang='lat' dir='ltr'>apparatu</span> <span class='ocrx_word' id='word_1_31' title='bbox 719 529 884 575; x_wconf 91' lang='lat' dir='ltr'>autem</span> <span class='ocrx_word' id='word_1_32' title='bbox 924 528 1093 576; x_wconf 86' lang='lat' dir='ltr'>critico</span> <span class='ocrx_word' id='word_1_33' title='bbox 1135 543 1244 575; x_wconf 93' lang='lat' dir='ltr'>cum</span> <span class='ocrx_word' id='word_1_34' title='bbox 1281 528 1344 575; x_wconf 90' lang='lat' dir='ltr'>iis</span> <span class='ocrx_word' id='word_1_35' title='bbox 1385 528 1471 589; x_wconf 93' lang='lat' dir='ltr'>qui</span> <span class='ocrx_word' id='word_1_36' title='bbox 1508 527 1821 590; x_wconf 91' lang='lat' dir='ltr'>usurpabunt</span> 
     </span>
     <span class='ocr_line' id='line_1_6' title="bbox 133 598 1819 666; baseline -0.001 -15"><span class='ocrx_word' id='word_1_37' title='bbox 133 619 283 666; x_wconf 92' lang='lat' dir='ltr'>quam</span> <span class='ocrx_word' id='word_1_38' title='bbox 338 605 704 651; x_wconf 73' lang='lat' dir='ltr'>accuratissime</span> <span class='ocrx_word' id='word_1_39' title='bbox 751 629 825 635; x_wconf 91' lang='lat'><em>-</em></span> <span class='ocrx_word' id='word_1_40' title='bbox 873 602 1064 650; x_wconf 89' lang='lat' dir='ltr'>omissis</span> <span class='ocrx_word' id='word_1_41' title='bbox 1118 603 1284 649; x_wconf 88' lang='lat' dir='ltr'>tamen</span> <span class='ocrx_word' id='word_1_42' title='bbox 1338 603 1485 650; x_wconf 90' lang='lat' dir='ltr'>meris</span> <span class='ocrx_word' id='word_1_43' title='bbox 1540 598 1819 664; x_wconf 86' lang='lat' dir='ltr'>quisquiliis</span> 
     </span>
     <span class='ocr_line' id='line_1_7' title="bbox 133 675 1819 740; baseline -0.002 -14"><span class='ocrx_word' id='word_1_44' title='bbox 133 677 404 740; x_wconf 89' lang='lat' dir='ltr'>scripturae</span> <span class='ocrx_word' id='word_1_45' title='bbox 445 694 469 726; x_wconf 90' lang='lat' dir='ltr'>e</span> <span class='ocrx_word' id='word_1_46' title='bbox 509 678 686 740; x_wconf 89' lang='lat' dir='ltr'>quibus</span> <span class='ocrx_word' id='word_1_47' title='bbox 731 677 878 739; x_wconf 90' lang='lat' dir='ltr'>plane</span> <span class='ocrx_word' id='word_1_48' title='bbox 917 675 1041 723; x_wconf 88' lang='lat' dir='ltr'>nihil</span> <span class='ocrx_word' id='word_1_49' title='bbox 1081 675 1202 724; x_wconf 89' lang='lat' dir='ltr'>disci</span> <span class='ocrx_word' id='word_1_50' title='bbox 1245 677 1404 738; x_wconf 87' lang='lat' dir='ltr'>possit</span> <span class='ocrx_word' id='word_1_51' title='bbox 1446 703 1509 709; x_wconf 92' lang='lat'><em>-</em></span> <span class='ocrx_word' id='word_1_52' title='bbox 1554 677 1819 725; x_wconf 91' lang='lat' dir='ltr'>communi-</span> 
     </span>
     <span class='ocr_line' id='line_1_8' title="bbox 133 750 1821 814; baseline -0.001 -14"><span class='ocrx_word' id='word_1_53' title='bbox 133 752 377 800; x_wconf 87' lang='lat' dir='ltr'>cabuntur</span> <span class='ocrx_word' id='word_1_54' title='bbox 407 753 641 800; x_wconf 87' lang='lat' dir='ltr'>lectiones</span> <span class='ocrx_word' id='word_1_55' title='bbox 675 751 896 800; x_wconf 92' lang='lat' dir='ltr'>codicum</span> <span class='ocrx_word' id='word_1_56' title='bbox 929 751 1147 800; x_wconf 93' lang='lat' dir='ltr'>omnium</span> <span class='ocrx_word' id='word_1_57' title='bbox 1179 752 1265 812; x_wconf 79' lang='lat' dir='ltr'>qui</span> <span class='ocrx_word' id='word_1_58' title='bbox 1296 750 1598 814; x_wconf 85' lang='lat' dir='ltr'>singularem</span> <span class='ocrx_word' id='word_1_59' title='bbox 1635 750 1821 798; x_wconf 87' lang='lat' dir='ltr'>habent</span> 
     </span>
     <span class='ocr_line' id='line_1_9' title="bbox 133 824 1822 888; baseline -0.001 -13"><span class='ocrx_word' id='word_1_60' title='bbox 133 828 502 887; x_wconf 85' lang='lat' dir='ltr'>auctoritatem,</span> <span class='ocrx_word' id='word_1_61' title='bbox 554 826 787 888; x_wconf 88' lang='lat' dir='ltr'>quoniam</span> <span class='ocrx_word' id='word_1_62' title='bbox 835 825 888 873; x_wconf 87' lang='lat' dir='ltr'>in</span> <span class='ocrx_word' id='word_1_63' title='bbox 927 826 1011 873; x_wconf 87' lang='lat' dir='ltr'>via</span> <span class='ocrx_word' id='word_1_64' title='bbox 1059 826 1149 872; x_wconf 88' lang='lat' dir='ltr'>illa</span> <span class='ocrx_word' id='word_1_65' title='bbox 1197 841 1294 886; x_wconf 88' lang='lat' dir='ltr'>qua</span> <span class='ocrx_word' id='word_1_66' title='bbox 1332 824 1530 873; x_wconf 89' lang='lat' dir='ltr'>Libanii</span> <span class='ocrx_word' id='word_1_67' title='bbox 1570 841 1719 888; x_wconf 91' lang='lat' dir='ltr'>opera</span> <span class='ocrx_word' id='word_1_68' title='bbox 1758 825 1822 873; x_wconf 89' lang='lat' dir='ltr'>ad</span> 
     </span>
     <span class='ocr_line' id='line_1_10' title="bbox 132 899 1819 964; baseline -0.001 -16"><span class='ocrx_word' id='word_1_69' title='bbox 132 917 221 949; x_wconf 89' lang='lat' dir='ltr'>nos</span> <span class='ocrx_word' id='word_1_70' title='bbox 260 904 590 964; x_wconf 89' lang='lat' dir='ltr'>pervenerunt</span> <span class='ocrx_word' id='word_1_71' title='bbox 626 901 788 949; x_wconf 90' lang='lat' dir='ltr'>locum</span> <span class='ocrx_word' id='word_1_72' title='bbox 827 900 961 948; x_wconf 88' lang='lat' dir='ltr'>haud</span> <span class='ocrx_word' id='word_1_73' title='bbox 998 899 1412 962; x_wconf 90' lang='lat' dir='ltr'>praetereundum</span> <span class='ocrx_word' id='word_1_74' title='bbox 1451 900 1696 961; x_wconf 90' lang='lat' dir='ltr'>obtinent,</span> <span class='ocrx_word' id='word_1_75' title='bbox 1736 899 1819 947; x_wconf 88' lang='lat' dir='ltr'>ab·</span> 
     </span>
     <span class='ocr_line' id='line_1_11' title="bbox 133 974 1820 1037; baseline -0.002 -13"><span class='ocrx_word' id='word_1_76' title='bbox 133 978 277 1024; x_wconf 90' lang='lat' dir='ltr'>erunt</span> <span class='ocrx_word' id='word_1_77' title='bbox 321 991 436 1024; x_wconf 89' lang='lat' dir='ltr'>vero</span> <span class='ocrx_word' id='word_1_78' title='bbox 488 975 676 1024; x_wconf 90' lang='lat' dir='ltr'>codices</span> <span class='ocrx_word' id='word_1_79' title='bbox 728 975 906 1037; x_wconf 91' lang='lat' dir='ltr'>quibus</span> <span class='ocrx_word' id='word_1_80' title='bbox 954 974 1111 1022; x_wconf 89' lang='lat' dir='ltr'>careri</span> <span class='ocrx_word' id='word_1_81' title='bbox 1162 974 1368 1036; x_wconf 86' lang='lat' dir='ltr'>poterit,</span> <span class='ocrx_word' id='word_1_82' title='bbox 1419 975 1539 1036; x_wconf 92' lang='lat' dir='ltr'>quia</span> <span class='ocrx_word' id='word_1_83' title='bbox 1588 977 1703 1023; x_wconf 90' lang='lat' dir='ltr'>sunt</span> <span class='ocrx_word' id='word_1_84' title='bbox 1740 974 1820 1023; x_wconf 87' lang='lat' dir='ltr'>vel</span> 
     </span>
     <span class='ocr_line' id='line_1_12' title="bbox 132 1048 1819 1114; baseline -0.001 -16"><span class='ocrx_word' id='word_1_85' title='bbox 132 1051 280 1098; x_wconf 91' lang='lat' dir='ltr'>nimis</span> <span class='ocrx_word' id='word_1_86' title='bbox 319 1050 637 1114; x_wconf 79' lang='lat' dir='ltr'>neglegenter</span> <span class='ocrx_word' id='word_1_87' title='bbox 676 1051 864 1097; x_wconf 87' lang='lat' dir='ltr'>exarati</span> <span class='ocrx_word' id='word_1_88' title='bbox 895 1049 974 1097; x_wconf 88' lang='lat' dir='ltr'>vel</span> <span class='ocrx_word' id='word_1_89' title='bbox 1005 1048 1145 1097; x_wconf 87' lang='lat' dir='ltr'>foede</span> <span class='ocrx_word' id='word_1_90' title='bbox 1177 1048 1468 1110; x_wconf 89' lang='lat' dir='ltr'>interpolati</span> <span class='ocrx_word' id='word_1_91' title='bbox 1499 1049 1579 1097; x_wconf 88' lang='lat' dir='ltr'>vel</span> <span class='ocrx_word' id='word_1_92' title='bbox 1611 1066 1669 1096; x_wconf 86' lang='lat' dir='ltr'>ex</span> <span class='ocrx_word' id='word_1_93' title='bbox 1707 1049 1819 1096; x_wconf 91' lang='lat' dir='ltr'>aliis</span> 
     </span>
     <span class='ocr_line' id='line_1_13' title="bbox 133 1123 1819 1187; baseline -0.001 -15"><span class='ocrx_word' id='word_1_94' title='bbox 133 1140 253 1186; x_wconf 93' lang='lat' dir='ltr'>quos</span> <span class='ocrx_word' id='word_1_95' title='bbox 300 1125 535 1172; x_wconf 89' lang='lat' dir='ltr'>habemus</span> <span class='ocrx_word' id='word_1_96' title='bbox 581 1123 905 1186; x_wconf 85' lang='lat' dir='ltr'>transscripti.</span> <span class='ocrx_word' id='word_1_97' title='bbox 984 1123 1151 1172; x_wconf 85' lang='lat' dir='ltr'>Etiam</span> <span class='ocrx_word' id='word_1_98' title='bbox 1197 1123 1494 1172; x_wconf 87' lang='lat' dir='ltr'>testimoniis</span> <span class='ocrx_word' id='word_1_99' title='bbox 1535 1123 1819 1187; x_wconf 89' lang='lat' dir='ltr'>grammati-</span> 
     </span>
     <span class='ocr_line' id='line_1_14' title="bbox 133 1197 1818 1260; baseline 0 -14"><span class='ocrx_word' id='word_1_100' title='bbox 133 1214 299 1246; x_wconf 88' lang='lat' dir='ltr'>corum</span> <span class='ocrx_word' id='word_1_101' title='bbox 337 1199 686 1260; x_wconf 90' lang='lat' dir='ltr'>rhetorumque</span> <span class='ocrx_word' id='word_1_102' title='bbox 724 1198 1054 1260; x_wconf 88' lang='lat' dir='ltr'>posteriorum</span> <span class='ocrx_word' id='word_1_103' title='bbox 1093 1197 1398 1246; x_wconf 80' lang='lat' dir='ltr'>creberrimis</span> <span class='ocrx_word' id='word_1_104' title='bbox 1431 1197 1515 1247; x_wconf 87' lang='lat' dir='ltr'>sed</span> <span class='ocrx_word' id='word_1_105' title='bbox 1545 1198 1690 1246; x_wconf 83' lang='lat' dir='ltr'>valde</span> <span class='ocrx_word' id='word_1_106' title='bbox 1723 1198 1818 1246; x_wconf 86' lang='lat' dir='ltr'>dis-</span> 
     </span>
     <span class='ocr_line' id='line_1_15' title="bbox 130 1271 1820 1336; baseline -0.001 -16"><span class='ocrx_word' id='word_1_107' title='bbox 130 1274 302 1335; x_wconf 87' lang='lat' dir='ltr'>persis,</span> <span class='ocrx_word' id='word_1_108' title='bbox 335 1272 512 1335; x_wconf 90' lang='lat' dir='ltr'>quibus</span> <span class='ocrx_word' id='word_1_109' title='bbox 545 1274 696 1320; x_wconf 91' lang='lat' dir='ltr'>etiam</span> <span class='ocrx_word' id='word_1_110' title='bbox 733 1273 1013 1336; x_wconf 89' lang='lat' dir='ltr'>fragmenta</span> <span class='ocrx_word' id='word_1_111' title='bbox 1046 1287 1248 1335; x_wconf 92' lang='lat' dir='ltr'>operum</span> <span class='ocrx_word' id='word_1_112' title='bbox 1282 1272 1649 1334; x_wconf 85' lang='lat' dir='ltr'>deperditorum</span> <span class='ocrx_word' id='word_1_113' title='bbox 1687 1271 1820 1320; x_wconf 93' lang='lat' dir='ltr'>haud</span> 
     </span>
     <span class='ocr_line' id='line_1_16' title="bbox 131 1346 1819 1408; baseline -0.001 -13"><span class='ocrx_word' id='word_1_114' title='bbox 131 1362 291 1408; x_wconf 89' lang='lat' dir='ltr'>pauca</span> <span class='ocrx_word' id='word_1_115' title='bbox 322 1349 650 1408; x_wconf 89' lang='lat' dir='ltr'>continentur,</span> <span class='ocrx_word' id='word_1_116' title='bbox 690 1363 787 1395; x_wconf 92' lang='lat' dir='ltr'>non</span> <span class='ocrx_word' id='word_1_117' title='bbox 828 1348 988 1396; x_wconf 91' lang='lat' dir='ltr'>solum</span> <span class='ocrx_word' id='word_1_118' title='bbox 1027 1363 1084 1394; x_wconf 88' lang='lat' dir='ltr'>ex</span> <span class='ocrx_word' id='word_1_119' title='bbox 1116 1346 1411 1394; x_wconf 86' lang='lat' dir='ltr'>editionibus</span> <span class='ocrx_word' id='word_1_120' title='bbox 1443 1363 1614 1395; x_wconf 87' lang='lat' dir='ltr'>verum</span> <span class='ocrx_word' id='word_1_121' title='bbox 1654 1347 1819 1408; x_wconf 89' lang='lat' dir='ltr'>etiam,</span> 
     </span>
     <span class='ocr_line' id='line_1_17' title="bbox 130 1420 1819 1484; baseline 0 -16"><span class='ocrx_word' id='word_1_122' title='bbox 130 1423 187 1469; x_wconf 88' lang='lat' dir='ltr'>ut</span> <span class='ocrx_word' id='word_1_123' title='bbox 224 1421 425 1470; x_wconf 87' lang='lat' dir='ltr'>Ioannis</span> <span class='ocrx_word' id='word_1_124' title='bbox 464 1421 754 1483; x_wconf 84' lang='lat' dir='ltr'>Doxapatri,</span> <span class='ocrx_word' id='word_1_125' title='bbox 794 1421 1001 1470; x_wconf 89' lang='lat' dir='ltr'>Macarii</span> <span class='ocrx_word' id='word_1_126' title='bbox 1035 1420 1431 1484; x_wconf 81' lang='lat' dir='ltr'>Chrysocephali,</span> <span class='ocrx_word' id='word_1_127' title='bbox 1469 1421 1674 1469; x_wconf 82' lang='lat' dir='ltr'>Maximi</span> <span class='ocrx_word' id='word_1_128' title='bbox 1704 1421 1819 1468; x_wconf 89' lang='lat' dir='ltr'>Pla-</span> 
     </span>
     <span class='ocr_line' id='line_1_18' title="bbox 130 1494 1817 1561; baseline 0 -17"><span class='ocrx_word' id='word_1_129' title='bbox 130 1496 297 1559; x_wconf 85' lang='lat' dir='ltr'>nudis,</span> <span class='ocrx_word' id='word_1_130' title='bbox 353 1494 553 1561; x_wconf 83' lang='lat' dir='ltr'>Georgii</span> <span class='ocrx_word' id='word_1_131' title='bbox 607 1495 877 1559; x_wconf 87' lang='lat' dir='ltr'>Lacapeni,</span> <span class='ocrx_word' id='word_1_132' title='bbox 931 1495 1266 1560; x_wconf 82' lang='lat' dir='ltr'>Etymologici</span> <span class='ocrx_word' id='word_1_133' title='bbox 1319 1495 1738 1544; x_wconf 88' lang='lat' dir='ltr'>Darmstadiensis</span> <span class='ocrx_word' id='word_1_134' title='bbox 1793 1512 1817 1544; x_wconf 90' lang='lat' dir='ltr'>e</span> 
     </span>
     <span class='ocr_line' id='line_1_19' title="bbox 132 1569 1821 1635; baseline -0.001 -17"><span class='ocrx_word' id='word_1_135' title='bbox 132 1569 378 1619; x_wconf 82' lang='lat' dir='ltr'>codicibus</span> <span class='ocrx_word' id='word_1_136' title='bbox 425 1570 712 1635; x_wconf 88' lang='lat' dir='ltr'>colligendis</span> <span class='ocrx_word' id='word_1_137' title='bbox 760 1586 959 1633; x_wconf 89' lang='lat' dir='ltr'>operam</span> <span class='ocrx_word' id='word_1_138' title='bbox 1008 1570 1240 1632; x_wconf 86' lang='lat' dir='ltr'>impendi.</span> <span class='ocrx_word' id='word_1_139' title='bbox 1319 1570 1490 1618; x_wconf 85' lang='lat' dir='ltr'>Talem</span> <span class='ocrx_word' id='word_1_140' title='bbox 1526 1570 1581 1618; x_wconf 92' lang='lat' dir='ltr'>in</span> <span class='ocrx_word' id='word_1_141' title='bbox 1618 1570 1821 1618; x_wconf 89' lang='lat' dir='ltr'>modum</span> 
     </span>
     <span class='ocr_line' id='line_1_20' title="bbox 132 1644 1819 1708; baseline -0.001 -15"><span class='ocrx_word' id='word_1_142' title='bbox 132 1661 272 1707; x_wconf 91' lang='lat' dir='ltr'>spero</span> <span class='ocrx_word' id='word_1_143' title='bbox 327 1646 591 1708; x_wconf 87' lang='lat' dir='ltr'>apparatui</span> <span class='ocrx_word' id='word_1_144' title='bbox 642 1645 768 1693; x_wconf 89' lang='lat' dir='ltr'>nihil</span> <span class='ocrx_word' id='word_1_145' title='bbox 822 1660 925 1694; x_wconf 90' lang='lat' dir='ltr'>esse</span> <span class='ocrx_word' id='word_1_146' title='bbox 980 1645 1286 1706; x_wconf 88' lang='lat' dir='ltr'>defuturum,</span> <span class='ocrx_word' id='word_1_147' title='bbox 1338 1645 1470 1707; x_wconf 89' lang='lat' dir='ltr'>quod</span> <span class='ocrx_word' id='word_1_148' title='bbox 1525 1644 1587 1692; x_wconf 90' lang='lat' dir='ltr'>ad</span> <span class='ocrx_word' id='word_1_149' title='bbox 1639 1661 1819 1693; x_wconf 93' lang='lat' dir='ltr'>memo-</span> 
     </span>
     <span class='ocr_line' id='line_1_21' title="bbox 130 1719 1820 1784; baseline -0.001 -17"><span class='ocrx_word' id='word_1_150' title='bbox 130 1721 257 1767; x_wconf 91' lang='lat' dir='ltr'>riam</span> <span class='ocrx_word' id='word_1_151' title='bbox 296 1734 499 1782; x_wconf 88' lang='lat' dir='ltr'>operum</span> <span class='ocrx_word' id='word_1_152' title='bbox 530 1719 917 1768; x_wconf 88' lang='lat' dir='ltr'>Libanianorum</span> <span class='ocrx_word' id='word_1_153' title='bbox 958 1719 1346 1784; x_wconf 87' lang='lat' dir='ltr'>cognoscendam</span> <span class='ocrx_word' id='word_1_154' title='bbox 1383 1720 1711 1767; x_wconf 88' lang='lat' dir='ltr'>necessarium</span> <span class='ocrx_word' id='word_1_155' title='bbox 1741 1719 1820 1767; x_wconf 86' lang='lat' dir='ltr'>vel</span> 
     </span>
     <span class='ocr_line' id='line_1_22' title="bbox 133 1793 373 1842; baseline 0 -1"><span class='ocrx_word' id='word_1_156' title='bbox 133 1793 257 1842; x_wconf 88' lang='lat' dir='ltr'>utile</span> <span class='ocrx_word' id='word_1_157' title='bbox 295 1794 373 1842; x_wconf 87' lang='lat' dir='ltr'>sit.</span> 
     </span>
    </p>

    <p class='ocr_par' dir='ltr' id='par_1_3' title="bbox 131 1867 1820 2080">
     <span class='ocr_line' id='line_1_23' title="bbox 241 1867 1820 1931; baseline -0.001 -14"><span class='ocrx_word' id='word_1_158' title='bbox 241 1867 519 1931; x_wconf 90' lang='lat' dir='ltr'>Descriptio</span> <span class='ocrx_word' id='word_1_159' title='bbox 566 1870 733 1916; x_wconf 87' lang='lat' dir='ltr'>autem</span> <span class='ocrx_word' id='word_1_160' title='bbox 786 1870 931 1917; x_wconf 88' lang='lat' dir='ltr'>unius</span> <span class='ocrx_word' id='word_1_161' title='bbox 980 1868 1214 1931; x_wconf 91' lang='lat' dir='ltr'>cuiusque</span> <span class='ocrx_word' id='word_1_162' title='bbox 1262 1868 1442 1917; x_wconf 91' lang='lat' dir='ltr'>codicis</span> <span class='ocrx_word' id='word_1_163' title='bbox 1488 1868 1560 1916; x_wconf 88' lang='lat' dir='ltr'>ibi</span> <span class='ocrx_word' id='word_1_164' title='bbox 1606 1867 1820 1929; x_wconf 88' lang='lat' dir='ltr'>dabitur,</span> 
     </span>
     <span class='ocr_line' id='line_1_24' title="bbox 131 1942 1820 2005; baseline 0 -16"><span class='ocrx_word' id='word_1_165' title='bbox 131 1942 218 1989; x_wconf 91' lang='lat' dir='ltr'>ubi</span> <span class='ocrx_word' id='word_1_166' title='bbox 270 1942 483 2004; x_wconf 92' lang='lat' dir='ltr'>primum</span> <span class='ocrx_word' id='word_1_167' title='bbox 540 1942 813 1992; x_wconf 89' lang='lat' dir='ltr'>adhibetur.</span> <span class='ocrx_word' id='word_1_168' title='bbox 890 1942 1113 2005; x_wconf 90' lang='lat' dir='ltr'>Reliquis</span> <span class='ocrx_word' id='word_1_169' title='bbox 1167 1943 1287 1991; x_wconf 88' lang='lat' dir='ltr'>locis</span> <span class='ocrx_word' id='word_1_170' title='bbox 1334 1942 1423 1990; x_wconf 89' lang='lat' dir='ltr'>ubi</span> <span class='ocrx_word' id='word_1_171' title='bbox 1469 1942 1703 2004; x_wconf 87' lang='lat' dir='ltr'>occurrit,</span> <span class='ocrx_word' id='word_1_172' title='bbox 1758 1942 1820 1990; x_wconf 89' lang='lat' dir='ltr'>ad</span> 
     </span>
     <span class='ocr_line' id='line_1_25' title="bbox 133 2015 621 2080; baseline 0.004 -18"><span class='ocrx_word' id='word_1_173' title='bbox 133 2016 260 2063; x_wconf 89' lang='lat' dir='ltr'>hanc</span> <span class='ocrx_word' id='word_1_174' title='bbox 299 2015 621 2080; x_wconf 87' lang='lat' dir='ltr'>delegabitur.</span> 
     </span>
    </p>

    <p class='ocr_par' dir='ltr' id='par_1_4' title="bbox 129 2090 1873 2821">
     <span class='ocr_line' id='line_1_26' title="bbox 242 2090 1819 2155; baseline 0.001 -17"><span class='ocrx_word' id='word_1_175' title='bbox 242 2090 316 2138; x_wconf 91' lang='lat' dir='ltr'>De</span> <span class='ocrx_word' id='word_1_176' title='bbox 346 2090 490 2139; x_wconf 89' lang='lat' dir='ltr'>rebus</span> <span class='ocrx_word' id='word_1_177' title='bbox 517 2106 641 2153; x_wconf 90' lang='lat' dir='ltr'>quae</span> <span class='ocrx_word' id='word_1_178' title='bbox 667 2091 730 2138; x_wconf 90' lang='lat' dir='ltr'>ad</span> <span class='ocrx_word' id='word_1_179' title='bbox 763 2091 1140 2155; x_wconf 88' lang='lat' dir='ltr'>grammaticam</span> <span class='ocrx_word' id='word_1_180' title='bbox 1171 2093 1222 2139; x_wconf 91' lang='lat' dir='ltr'>et</span> <span class='ocrx_word' id='word_1_181' title='bbox 1250 2090 1548 2140; x_wconf 89' lang='lat' dir='ltr'>rhetoricam</span> <span class='ocrx_word' id='word_1_182' title='bbox 1579 2092 1819 2154; x_wconf 89' lang='lat' dir='ltr'>spectant,</span> 
     </span>
     <span class='ocr_line' id='line_1_27' title="bbox 131 2162 1819 2230; baseline 0.001 -18"><span class='ocrx_word' id='word_1_183' title='bbox 131 2164 506 2228; x_wconf 87' lang='lat' dir='ltr'>orthographia,</span> <span class='ocrx_word' id='word_1_184' title='bbox 552 2166 715 2226; x_wconf 88' lang='lat' dir='ltr'>hiatu,</span> <span class='ocrx_word' id='word_1_185' title='bbox 761 2181 964 2214; x_wconf 91' lang='lat' dir='ltr'>numero</span> <span class='ocrx_word' id='word_1_186' title='bbox 1002 2166 1054 2213; x_wconf 89' lang='lat' dir='ltr'>in</span> <span class='ocrx_word' id='word_1_187' title='bbox 1102 2162 1506 2230; x_wconf 72' lang='lat' dir='ltr'>‘Epilegomenis&#39;</span> <span class='ocrx_word' id='word_1_188' title='bbox 1546 2166 1647 2214; x_wconf 87' lang='lat' dir='ltr'>illis</span> <span class='ocrx_word' id='word_1_189' title='bbox 1695 2182 1819 2227; x_wconf 87' lang='lat' dir='ltr'>quae</span> 
     </span>
     <span class='ocr_line' id='line_1_28' title="bbox 131 2239 1819 2304; baseline 0.001 -18"><span class='ocrx_word' id='word_1_190' title='bbox 131 2254 281 2301; x_wconf 87' lang='lat' dir='ltr'>supra</span> <span class='ocrx_word' id='word_1_191' title='bbox 333 2239 549 2287; x_wconf 86' lang='lat' dir='ltr'>indicavi</span> <span class='ocrx_word' id='word_1_192' title='bbox 596 2255 762 2304; x_wconf 90' lang='lat' dir='ltr'>agam,</span> <span class='ocrx_word' id='word_1_193' title='bbox 811 2242 1047 2302; x_wconf 90' lang='lat' dir='ltr'>quoniam</span> <span class='ocrx_word' id='word_1_194' title='bbox 1093 2240 1216 2287; x_wconf 84' lang='lat' dir='ltr'>mihi</span> <span class='ocrx_word' id='word_1_195' title='bbox 1260 2256 1548 2303; x_wconf 88' lang='lat' dir='ltr'>persuasum</span> <span class='ocrx_word' id='word_1_196' title='bbox 1600 2241 1675 2288; x_wconf 89' lang='lat' dir='ltr'>est</span> <span class='ocrx_word' id='word_1_197' title='bbox 1719 2255 1819 2288; x_wconf 95' lang='lat' dir='ltr'>non</span> 
     </span>
     <span class='ocr_line' id='line_1_29' title="bbox 133 2313 1820 2376; baseline 0.001 -16"><span class='ocrx_word' id='word_1_198' title='bbox 133 2314 292 2361; x_wconf 92' lang='lat' dir='ltr'>solum</span> <span class='ocrx_word' id='word_1_199' title='bbox 336 2313 511 2362; x_wconf 89' lang='lat' dir='ltr'>melius</span> <span class='ocrx_word' id='word_1_200' title='bbox 559 2315 644 2362; x_wconf 89' lang='lat' dir='ltr'>sed</span> <span class='ocrx_word' id='word_1_201' title='bbox 690 2315 842 2362; x_wconf 91' lang='lat' dir='ltr'>etiam</span> <span class='ocrx_word' id='word_1_202' title='bbox 887 2315 1045 2363; x_wconf 92' lang='lat' dir='ltr'>multo</span> <span class='ocrx_word' id='word_1_203' title='bbox 1091 2315 1290 2363; x_wconf 86' lang='lat' dir='ltr'>brevius</span> <span class='ocrx_word' id='word_1_204' title='bbox 1327 2315 1379 2362; x_wconf 89' lang='lat' dir='ltr'>id</span> <span class='ocrx_word' id='word_1_205' title='bbox 1418 2314 1526 2363; x_wconf 92' lang='lat' dir='ltr'>fieri</span> <span class='ocrx_word' id='word_1_206' title='bbox 1563 2329 1729 2376; x_wconf 89' lang='lat' dir='ltr'>posse,</span> <span class='ocrx_word' id='word_1_207' title='bbox 1777 2315 1820 2362; x_wconf 91' lang='lat' dir='ltr'>si</span> 
     </span>
     <span class='ocr_line' id='line_1_30' title="bbox 130 2388 1873 2451; baseline 0.001 -16"><span class='ocrx_word' id='word_1_208' title='bbox 130 2389 294 2436; x_wconf 85' lang='lat' dir='ltr'>textus</span> <span class='ocrx_word' id='word_1_209' title='bbox 332 2388 438 2450; x_wconf 90' lang='lat' dir='ltr'>ipse</span> <span class='ocrx_word' id='word_1_210' title='bbox 478 2388 542 2436; x_wconf 91' lang='lat' dir='ltr'>ad</span> <span class='ocrx_word' id='word_1_211' title='bbox 578 2389 820 2436; x_wconf 89' lang='lat' dir='ltr'>librorum</span> <span class='ocrx_word' id='word_1_212' title='bbox 858 2388 1003 2437; x_wconf 86' lang='lat' dir='ltr'>fidem</span> <span class='ocrx_word' id='word_1_213' title='bbox 1040 2391 1309 2438; x_wconf 88' lang='lat' dir='ltr'>recensitus</span> <span class='ocrx_word' id='word_1_214' title='bbox 1347 2391 1401 2437; x_wconf 92' lang='lat' dir='ltr'>in</span> <span class='ocrx_word' id='word_1_215' title='bbox 1440 2389 1659 2437; x_wconf 87' lang='lat' dir='ltr'>omnium</span> <span class='ocrx_word' id='word_1_216' title='bbox 1698 2404 1819 2451; x_wconf 86' lang='lat' dir='ltr'>quo·</span> <span class='ocrx_word' id='word_1_217' title='bbox 1858 2440 1873 2445; x_wconf 16' lang='lat'>.⁷</span> 
     </span>
     <span class='ocr_line' id='line_1_31' title="bbox 129 2462 1815 2526; baseline 0.001 -17"><span class='ocrx_word' id='word_1_218' title='bbox 129 2478 239 2509; x_wconf 91' lang='lat' dir='ltr'>rum</span> <span class='ocrx_word' id='word_1_219' title='bbox 276 2462 483 2510; x_wconf 83' lang='lat' dir='ltr'>interest</span> <span class='ocrx_word' id='word_1_220' title='bbox 519 2479 692 2511; x_wconf 90' lang='lat' dir='ltr'>manus</span> <span class='ocrx_word' id='word_1_221' title='bbox 731 2464 1023 2526; x_wconf 87' lang='lat' dir='ltr'>pervenerit.</span> <span class='ocrx_word' id='word_1_222' title='bbox 1085 2463 1251 2511; x_wconf 92' lang='lat' dir='ltr'>Unum</span> <span class='ocrx_word' id='word_1_223' title='bbox 1281 2465 1384 2512; x_wconf 91' lang='lat' dir='ltr'>iam</span> <span class='ocrx_word' id='word_1_224' title='bbox 1421 2479 1549 2511; x_wconf 91' lang='lat' dir='ltr'>nunc</span> <span class='ocrx_word' id='word_1_225' title='bbox 1589 2463 1697 2512; x_wconf 90' lang='lat' dir='ltr'>dico</span> <span class='ocrx_word' id='word_1_226' title='bbox 1737 2478 1815 2510; x_wconf 88' lang='lat' dir='ltr'>me</span> 
     </span>
     <span class='ocr_line' id='line_1_32' title="bbox 131 2535 1817 2600; baseline 0.001 -17"><span class='ocrx_word' id='word_1_227' title='bbox 131 2537 183 2583; x_wconf 90' lang='lat' dir='ltr'>in</span> <span class='ocrx_word' id='word_1_228' title='bbox 228 2535 305 2584; x_wconf 91' lang='lat' dir='ltr'>his</span> <span class='ocrx_word' id='word_1_229' title='bbox 343 2536 487 2584; x_wconf 90' lang='lat' dir='ltr'>rebus</span> <span class='ocrx_word' id='word_1_230' title='bbox 526 2553 626 2586; x_wconf 91' lang='lat' dir='ltr'>non</span> <span class='ocrx_word' id='word_1_231' title='bbox 665 2538 831 2585; x_wconf 89' lang='lat' dir='ltr'>omnia</span> <span class='ocrx_word' id='word_1_232' title='bbox 870 2537 934 2585; x_wconf 86' lang='lat' dir='ltr'>ad</span> <span class='ocrx_word' id='word_1_233' title='bbox 973 2538 1208 2586; x_wconf 88' lang='lat' dir='ltr'>amussim</span> <span class='ocrx_word' id='word_1_234' title='bbox 1247 2553 1506 2600; x_wconf 86' lang='lat' dir='ltr'>aequasse,</span> <span class='ocrx_word' id='word_1_235' title='bbox 1546 2538 1631 2586; x_wconf 90' lang='lat' dir='ltr'>sed</span> <span class='ocrx_word' id='word_1_236' title='bbox 1668 2537 1817 2585; x_wconf 92' lang='lat' dir='ltr'>libro-</span> 
     </span>
     <span class='ocr_line' id='line_1_33' title="bbox 131 2611 1819 2677; baseline 0.001 -20"><span class='ocrx_word' id='word_1_237' title='bbox 131 2626 242 2657; x_wconf 92' lang='lat' dir='ltr'>rum</span> <span class='ocrx_word' id='word_1_238' title='bbox 288 2626 437 2673; x_wconf 91' lang='lat' dir='ltr'>quam</span> <span class='ocrx_word' id='word_1_239' title='bbox 481 2613 691 2659; x_wconf 88' lang='lat' dir='ltr'>maxime</span> <span class='ocrx_word' id='word_1_240' title='bbox 740 2612 972 2674; x_wconf 89' lang='lat' dir='ltr'>pressisse</span> <span class='ocrx_word' id='word_1_241' title='bbox 1013 2613 1235 2677; x_wconf 88' lang='lat' dir='ltr'>vestigia.</span> <span class='ocrx_word' id='word_1_242' title='bbox 1314 2611 1454 2669; x_wconf 83' lang='lat' dir='ltr'>Quod</span> <span class='ocrx_word' id='word_1_243' title='bbox 1491 2613 1628 2660; x_wconf 87' lang='lat' dir='ltr'>valet</span> <span class='ocrx_word' id='word_1_244' title='bbox 1667 2612 1819 2659; x_wconf 88' lang='lat' dir='ltr'>etiam</span> 
     </span>
     <span class='ocr_line' id='line_1_34' title="bbox 133 2683 1818 2751; baseline 0.002 -20"><span class='ocrx_word' id='word_1_245' title='bbox 133 2683 191 2731; x_wconf 93' lang='lat' dir='ltr'>de</span> <span class='ocrx_word' id='word_1_246' title='bbox 224 2685 472 2746; x_wconf 87' lang='lat' dir='ltr'>clausulis,</span> <span class='ocrx_word' id='word_1_247' title='bbox 512 2701 811 2748; x_wconf 89' lang='lat' dir='ltr'>quamquam</span> <span class='ocrx_word' id='word_1_248' title='bbox 842 2685 1104 2734; x_wconf 90' lang='lat' dir='ltr'>Libanium</span> <span class='ocrx_word' id='word_1_249' title='bbox 1135 2686 1258 2751; x_wconf 91' lang='lat' dir='ltr'>legis</span> <span class='ocrx_word' id='word_1_250' title='bbox 1289 2686 1601 2749; x_wconf 87' lang='lat' dir='ltr'>Meyerianae</span> <span class='ocrx_word' id='word_1_251' title='bbox 1633 2685 1818 2734; x_wconf 88' lang='lat' dir='ltr'>studio—</span> 
     </span>
     <span class='ocr_line' id='line_1_35' title="bbox 133 2759 620 2821; baseline 0.004 -16"><span class='ocrx_word' id='word_1_252' title='bbox 133 2773 240 2805; x_wconf 92' lang='lat' dir='ltr'>sum</span> <span class='ocrx_word' id='word_1_253' title='bbox 278 2759 428 2807; x_wconf 86' lang='lat' dir='ltr'>fuisse</span> <span class='ocrx_word' id='word_1_254' title='bbox 466 2761 620 2821; x_wconf 90' lang='lat' dir='ltr'>patet.</span> 
     </span>
    </p>

    <p class='ocr_par' dir='ltr' id='par_1_5' title="bbox 133 2832 1818 3044">
     <span class='ocr_line' id='line_1_36' title="bbox 243 2832 1816 2896; baseline 0.001 -17"><span class='ocrx_word' id='word_1_255' title='bbox 243 2832 526 2881; x_wconf 83' lang='lat' dir='ltr'>Editionem</span> <span class='ocrx_word' id='word_1_256' title='bbox 578 2851 677 2883; x_wconf 95' lang='lat' dir='ltr'>non</span> <span class='ocrx_word' id='word_1_257' title='bbox 725 2850 857 2883; x_wconf 90' lang='lat' dir='ltr'>mere</span> <span class='ocrx_word' id='word_1_258' title='bbox 915 2834 1138 2883; x_wconf 88' lang='lat' dir='ltr'>criticam</span> <span class='ocrx_word' id='word_1_259' title='bbox 1189 2850 1290 2883; x_wconf 90' lang='lat' dir='ltr'>esse</span> <span class='ocrx_word' id='word_1_260' title='bbox 1339 2834 1497 2896; x_wconf 86' lang='lat' dir='ltr'>volui,</span> <span class='ocrx_word' id='word_1_261' title='bbox 1556 2834 1640 2883; x_wconf 90' lang='lat' dir='ltr'>sed</span> <span class='ocrx_word' id='word_1_262' title='bbox 1691 2849 1816 2896; x_wconf 87' lang='lat' dir='ltr'>quae</span> 
     </span>
     <span class='ocr_line' id='line_1_37' title="bbox 133 2905 1818 2970; baseline 0.001 -18"><span class='ocrx_word' id='word_1_263' title='bbox 133 2905 301 2966; x_wconf 87' lang='lat' dir='ltr'>simul,</span> <span class='ocrx_word' id='word_1_264' title='bbox 347 2909 590 2968; x_wconf 89' lang='lat' dir='ltr'>quantum</span> <span class='ocrx_word' id='word_1_265' title='bbox 634 2909 826 2970; x_wconf 86' lang='lat' dir='ltr'>liceret,</span> <span class='ocrx_word' id='word_1_266' title='bbox 869 2909 1122 2957; x_wconf 91' lang='lat' dir='ltr'>commodo</span> <span class='ocrx_word' id='word_1_267' title='bbox 1170 2910 1445 2958; x_wconf 90' lang='lat' dir='ltr'>consuleret</span> <span class='ocrx_word' id='word_1_268' title='bbox 1490 2909 1729 2957; x_wconf 89' lang='lat' dir='ltr'>lectorum</span> <span class='ocrx_word' id='word_1_269' title='bbox 1768 2910 1818 2955; x_wconf 90' lang='lat' dir='ltr'>et</span> 
     </span>
     <span class='ocr_line' id='line_1_38' title="bbox 134 2979 1816 3044; baseline 0.002 -20"><span class='ocrx_word' id='word_1_270' title='bbox 134 2979 309 3027; x_wconf 87' lang='lat' dir='ltr'>studiis</span> <span class='ocrx_word' id='word_1_271' title='bbox 355 2980 554 3029; x_wconf 90' lang='lat' dir='ltr'>Libanii</span> <span class='ocrx_word' id='word_1_272' title='bbox 605 2982 819 3044; x_wconf 88' lang='lat' dir='ltr'>fatisque</span> <span class='ocrx_word' id='word_1_273' title='bbox 868 2998 1069 3044; x_wconf 90' lang='lat' dir='ltr'>operum</span> <span class='ocrx_word' id='word_1_274' title='bbox 1119 2983 1221 3031; x_wconf 89' lang='lat' dir='ltr'>eius</span> <span class='ocrx_word' id='word_1_275' title='bbox 1274 2998 1362 3031; x_wconf 90' lang='lat' dir='ltr'>nec</span> <span class='ocrx_word' id='word_1_276' title='bbox 1416 2999 1514 3030; x_wconf 90' lang='lat' dir='ltr'>non</span> <span class='ocrx_word' id='word_1_277' title='bbox 1568 2981 1816 3030; x_wconf 89' lang='lat' dir='ltr'>memoriis</span> 
     </span>
    </p>
   </div>
  </div>
 </body>
</html>
