2026 3168
275 728 523 793 Λιβάνιον
562 725 614 778 δὲ
647 723 911 792 Ἀντιόχεια
950 725 1039 791 μὲν
1075 725 1279 793 ἤνεγκεν
1328 725 1358 792 ἡ
1403 736 1488 794 τῆς
1525 731 1711 794 Κοίλης
1759 750 1846 780 κα-

162 801 404 867 λουμένης
442 802 632 868 Συρίας
676 801 845 868 πρώτη
883 808 981 850 τῶν
1018 801 1224 867 πόλεων,
1272 803 1520 852 Σελεύκου
1558 811 1644 853 τοῦ
1684 804 1843 854 Νικά-

163 895 304 944 τορος
353 873 702 940 ἐπικληθέντος
751 875 908 942 ἔργον.
985 866 1050 939 ἦν
1096 873 1147 924 δὲ
1193 882 1290 925 τῶν
1341 870 1396 926 εὗ
1446 878 1717 942 γεγονότων
1766 877 1849 927 καὶ

164 950 232 1011 εἷς
270 949 384 1010 τοὺς
422 947 605 1016 ἄκρους
643 947 798 999 ἐτέλει.
877 952 923 998 2.
963 947 1073 1008 νέος
1112 947 1165 999 δὲ
1204 947 1274 998 ὢν
1313 949 1381 1000 ἔτι
1419 949 1500 1000 καὶ
1534 951 1703 1018 κύριος
1735 951 1847 1001 ἓαυ-

121 1041 141 1073 5
166 1030 253 1074 τοῦ
299 1022 521 1091 πατέρων
567 1021 959 1074 ἀπολελοιπότων
1009 1021 1307 1088 ἀφικόμενος
1341 1018 1582 1089 Ἀθήναζε
1629 1023 1738 1075 οὔτε
1784 1023 1851 1085 ὡς

166 1098 220 1148 ἐκ
257 1099 446 1165 Συρίας
481 1092 759 1166 Ἐπιφανίῳ
798 1100 1050 1164 προσῆλθε
1091 1098 1320 1163 μεγίστην
1359 1097 1515 1163 ἔχοντι
1553 1099 1702 1159 δόξαν
1741 1097 1850 1149 οὔτε

166 1171 299 1238 παρὰ
337 1170 667 1239 Προαιρέσιον
705 1170 981 1236 ἐφοίτησεν,
1033 1168 1099 1230 ὡς
1137 1170 1191 1221 ἐν
1227 1176 1293 1240 τῷ
1326 1172 1508 1237 πλήθει
1545 1180 1642 1222 τῶν
1681 1170 1850 1238 ὁμιλη-

167 1253 264 1295 τῶν
301 1244 384 1294 καὶ
421 1251 487 1314 τῷ
528 1244 722 1311 μεγέθει
759 1252 847 1310 τῆς
894 1244 1041 1309 δόξης
1087 1253 1185 1295 τῶν
1231 1245 1540 1296 διδασκάλων
1585 1249 1851 1311 καλυφθη-

112 1339 117 1346 ·
168 1320 394 1385 σόμενος,
448 1317 754 1386 ἐνεδρευθεὶς
804 1316 857 1368 δὲ
906 1318 1003 1369 ὑπὸ
1054 1326 1152 1368 τῶν
1197 1321 1538 1383 Διοφαντείων
1583 1321 1850 1391 Διοφάντῳ

102 1412 145 1444 10
169 1392 482 1460 προσένειμεν
520 1392 708 1443 ἑαυτόν.
788 1395 834 1442 3.
860 1388 964 1442 ’καὶ
1003 1391 1069 1452 ὡς
1108 1393 1160 1442 οἱ
1193 1394 1326 1443 πάνυ
1372 1393 1458 1444 τὸν
1503 1392 1661 1461 ἄνδρα
1706 1413 1851 1443 κατα-

168 1467 506 1532 μεμαθηκότες
551 1466 786 1532 ἔφασκον,
832 1470 936 1526 ταῖς
976 1465 1064 1531 μὲν
1104 1464 1313 1532 ὁμιλίαις
1350 1466 1433 1516 καὶ
1471 1469 1756 1528 συνουσίαις
1797 1468 1849 1519 τὸ

167 1541 368 1608 γεγονὸς
415 1539 694 1605 συμμαθὼν
739 1539 959 1606 ἐλάχιστα
1005 1541 1286 1607 παρεγίνετο
1336 1540 1418 1590 καὶ
1467 1546 1531 1610 τῷ
1576 1542 1850 1612 διδασκάλῳ

167 1633 240 1675 τις
278 1612 481 1682 ὀχληρὸς
520 1613 613 1664 οὐκ
649 1607 730 1679 ἦν,
770 1613 916 1674 αὐτὸς
955 1612 1008 1664 δὲ
1039 1614 1214 1665 ἑαυτὸν
1244 1613 1322 1664 ἐπὶ
1352 1620 1457 1675 ταῖς
1489 1614 1701 1680 μελέταις
1734 1630 1851 1665 συν-

167 1693 259 1754 εῖχε
297 1687 381 1738 καὶ
419 1688 541 1755 πρὸς
579 1688 666 1738 τὸν
704 1687 908 1755 ἀρχαῖον
939 1687 1200 1754 ἐξεβιάζετο
1232 1689 1388 1738 τύπον
1418 1688 1510 1753 τὴν
1541 1688 1711 1755 ψυχὴν
1743 1690 1849 1738 δια-

103 1779 144 1813 15
168 1762 389 1812 πλάττων
434 1760 516 1811 καὶ
561 1761 647 1812 τὸν
691 1762 851 1828 λόγον.
929 1765 976 1810 4.
1029 1762 1186 1829 ὥσπερ
1235 1756 1326 1812 οὖν
1372 1763 1424 1812 οἵ
1463 1763 1694 1823 πολλάκις
1732 1761 1852 1827 πέμ-

168 1854 342 1896 ποντες
379 1835 509 1886 ἔστιν
548 1835 624 1885 ὅτε
662 1834 745 1885 καὶ
775 1836 1092 1902 τυγχάνοντες
1122 1843 1210 1886 τοῦ
1242 1844 1428 1886 σκοποῦ
1459 1835 1542 1886 καὶ
1573 1837 1626 1888 τὸ
1659 1834 1854 1903 συνεχὲς

169 1917 256 1975 τῆς
295 1908 488 1974 μελέτης
526 1908 694 1969 αὐτοῖς
733 1908 815 1958 διὰ
853 1916 939 1975 τῆς
978 1910 1251 1976 γυμνασίας
1289 1918 1386 1959 τῶν
1422 1908 1645 1978 ὀργάνων
1676 1909 1742 1970 ὡς
1774 1909 1853 1960 ἐπὶ

170 1983 223 2034 τὸ
262 1987 486 2033 πλεῖστον
524 1982 773 2049 εὐστοχίας
812 1981 904 2033 οὐκ
942 1982 1212 2049 ἐπιστήμην
1244 1983 1441 2050 ἔφυσεν,
1481 1983 1601 2033 ἀλλὰ
1630 1983 1721 2048 τὴν
1752 1983 1852 2049 τέχ-

170 2077 282 2122 νην,
330 2057 456 2107 οὕτω
494 2055 577 2106 καὶ
615 2057 860 2122 Λιβάνιος
898 2056 951 2106 ἐκ
988 2065 1076 2107 τοῦ
1116 2057 1263 2121 ζήλου
1301 2076 1349 2107 τε
1387 2056 1470 2107 καὶ
1508 2066 1594 2123 τῆς
1632 2056 1852 2124 παραθεῖ

105 2150 148 2180 20
173 2145 291 2191 σεως
339 2138 427 2196 τῆς
475 2129 597 2179 κατὰ
647 2131 851 2195 μίμησιν
900 2139 1186 2198 προσαρτῶν
1236 2130 1411 2182 ἑαυτὸν
1463 2131 1546 2180 καὶ
1598 2129 1853 2197 παραξέων

171 2201 403 2270 ἡγεμόσιν
441 2203 670 2271 ἀρίστοις,
709 2208 810 2264 τοῖς
840 2202 1075 2270 ἀρχαίοις,
1114 2203 1196 2254 καὶ
1235 2200 1308 2264 οἷς
1346 2205 1491 2272 ἐχρῆν
1530 2204 1763 2268 ἑπόμενος
1802 2203 1853 2263 ἐς

294 2389 607 2434 1δὲοΠ1.Ε
698 2390 1052 2434 2τῶνοω.Α
1145 2389 1396 2447 6ἔχωνΑ
1497 2389 1847 2449 8τῷοῑη.ΑΙ

172 2445 566 2504 καμφθησόμενος
596 2450 641 2493 A
754 2453 779 2491 9
812 2451 1122 2504 ὃιοφαντειῶν
1154 2449 1199 2492 A
1314 2452 1367 2490 10
1399 2447 1575 2492 ἑαυτῶν
1607 2448 1655 2491 in
1688 2447 1852 2492 ἑαυτὸν

175 2519 287 2549 corr.
312 2519 433 2549 man.
462 2521 550 2550 reo.
575 2507 619 2550 A
734 2511 787 2550 11
821 2507 872 2551 τὸ
905 2507 1094 2564 γεγονὸς
1125 2507 1384 2562 συμμαθών
1416 2520 1502 2549 om.
1529 2507 1573 2550 L
1694 2511 1747 2549 14
1781 2507 1850 2559 ἐξ·

175 2564 406 2623 εβιβάζετο
436 2566 480 2609 A
573 2570 626 2609 15
659 2563 815 2623 λόγον]
847 2565 994 2610 τύπον
1018 2566 1062 2609 L
1097 2567 1102 2622 Ι
1145 2564 1295 2620 ὥσπερ
1330 2591 1384 2597 -
1419 2570 1472 2608 19
1506 2564 1729 2623 Λιβάνιος
1759 2580 1846 2608 om.

175 2624 219 2667 L
247 2626 252 2680 Ι
281 2622 459 2724 Ἓέλη)
490 2622 777 2679 πέμποντες-’ἑ
811 2626 862 2667 at
893 2623 950 2667 cf.
976 2623 1279 2667 Plutarchum
1311 2637 1447 2679 quem
1477 2624 1527 2667 in
1560 2623 1740 2667 deliciis
1771 2624 1852 2667 ha-

174 2681 279 2725 buit
348 2682 560 2738 unapius,
594 2683 652 2726 de
684 2682 849 2726 defecb.
876 2696 995 2726 orac.
1022 2687 1078 2725 50
1109 2698 1153 2738 p.
1180 2687 1265 2726 438
1297 2682 1337 2724 Α
1369 2681 1585 2738 καθάπερ
1626 2682 1671 2726 οἱ
1709 2682 1854 2726 πολλὰ

178 2739 419 2799 βάλλοντες
450 2740 804 2798 ἐπιτυγχάνουσι
828 2741 1046 2792 πολλάκις
1130 2745 1183 2783 16
1214 2740 1522 2808 τυγχάνουσιὶ)
1608 2746 1660 2784 19
1691 2757 1739 2785 τε
1764 2755 1850 2786 om.

177 2800 223 2843 A
327 2804 380 2842 21
414 2807 511 2850 τοῖς
541 2797 754 2857 ἀρχαίοις
784 2813 871 2843 om.
902 2799 946 2842 L
977 2801 1024 2843 et
1055 2799 1333 2843 cancellavst,
1364 2799 1554 2854 Siamus,
1587 2799 1741 2844 Leben
1772 2801 1852 2844 des

176 2857 394 2902 Libanios
426 2873 471 2914 p.
490 2862 546 2901 48
586 2858 641 2902 cf.
669 2858 829 2901 Liban.
863 2857 942 2901 vit.
969 2863 993 2911 ξ
1011 2862 1067 2901 24
1090 2858 1316 2914 p.19‚6R
1376 2854 1445 2908 οἷς
1476 2858 1614 2916 ἐχρῆν
1637 2857 1853 2915 ἡγεμόσιν

179 2916 404 2973 ἑπόμενον
446 2918 452 2973 Ι
496 2915 716 2973 ἑπόμενος
747 2931 833 2961 om.
867 2917 911 2961 L
952 2918 958 2973 Ι
1002 2917 1048 2967 ἐς
1078 2930 1165 2960 om.
1192 2918 1237 2961 A
