2026 3168
148 287 185 356 †

214 150 322 202 206
758 150 986 194 LIBANH
1017 149 1359 195 ORATIONES

216 294 280 358 τῇ
335 287 571 358 Κύπρῳ,
633 285 819 340 ἐλθὼν
879 282 982 340 οὖν
1042 306 1099 339 τε
1159 287 1250 340 καὶ
1304 288 1488 357 αὐτός,
1549 298 1661 342 τῶν
1722 287 1902 360 ε’πιτη-

216 377 382 429 δείων
410 376 569 438 εἰδὼς
600 377 701 444 τήν
731 395 789 428 τε
821 375 1104 444 ἀχθηδόνα
1135 377 1224 429 καὶ
1258 376 1395 431 ὅθεν
1426 379 1551 447 ἔφυ,
1585 377 1701 431 ἀλλ’
1733 375 1774 431 ὦ
1806 379 1900 433 ἄν-

215 465 342 535 δρες
395 466 633 534 ἄριστοι,
688 463 904 533 λήξατε,
951 462 1119 535 ἔφην,
1179 473 1274 534 τῆς
1333 467 1532 535 λύπης,
1593 469 1808 536 ἔχοντες
1869 469 1899 522 ὃ

169 576 192 607 4
214 555 415 606 παύειν
452 552 664 622 πέφυκε
703 554 897 622 λύπην.
973 562 1136 607 τοῦτο
1184 553 1250 607 δέ
1288 553 1404 607 ἐστι
1443 556 1592 624 δίκη,
1630 556 1702 625 ἣν
1739 559 1898 625 μείζω

124 655 166 698 R
191 659 276 698 170
307 650 453 695 ποιεῖ
489 643 550 694 τὸ
591 643 683 695 διὰ
720 651 831 695 τῶν
875 648 1028 696 θεῶν
1069 643 1075 710 Ι
1119 643 1284 712 αὐτῆς
1328 644 1621 712 τυγχάνειν
1665 646 1764 698 τὸν
1808 663 1899 699 πε-

213 733 476 785 πονθότα.
576 731 699 784 284.
763 736 900 800 ἴστε,
955 724 1077 785 οἷόν
1129 751 1182 784 τι
1243 732 1303 784 τὸ
1364 741 1476 785 τῶν
1537 733 1614 795 εἰς
1673 735 1899 804 Κρήτην

213 819 500 888 ἀγομένων
539 819 857 889 Ἀθήνηθεν
904 821 1134 874 δεῖπνον
1181 819 1458 888 ἐσομένων
1503 828 1577 893 τῷ
1625 821 1686 875 ἐν
1731 825 1899 890 λαβυ-

214 913 394 982 ρίνθῳ
445 907 643 979 τέρατι.
715 910 840 979 περὶ
892 906 953 962 δὲ
1002 917 1102 962 τοῦ
1151 909 1348 977 βέλους
1399 917 1498 963 τοῦ
1551 913 1900 980 κεκομικότος

140 1006 141 1009 ’
211 1007 326 1061 τοῖς
370 997 606 1068 Ἀχαιοῖς
650 999 752 1067 τὴν
805 999 974 1051 νόσον
1027 998 1118 1051 καὶ
1164 999 1310 1069 παρὰ
1356 1007 1469 1052 τῶν
1520 1001 1754 1069 πρώτων
1805 1008 1900 1069 τῆς

147 1108 189 1140 10

146 1554 187 1587 15

205 1085 439 1150 Ἰλιάδος
476 1088 767 1156 ἠκούομεν,
800 1087 873 1149 ὡς
904 1086 1026 1140 ἀντὶ
1058 1095 1151 1155 τῆς
1191 1088 1268 1150 εἰς
1306 1087 1403 1140 ἕνα
1433 1088 1645 1158 ὕβρεως
1675 1093 1899 1142 πολλῶν

214 1177 326 1229 ἔδει
379 1185 574 1245 πυρῶν
626 1183 742 1239 τοῖς
782 1174 1046 1244 ’Ἑλλησιν
1107 1177 1185 1238 εἰς
1236 1178 1367 1239 τοὺς
1428 1176 1896 1246 ἀποθνήσκοντας.

211 1266 300 1319 καὶ
346 1261 418 1333 ἧν
463 1265 727 1335 μακάριος
773 1264 801 1317 ὁ
851 1265 1071 1334 Χρύσης
1116 1265 1359 1336 τοσούτῳ
1401 1272 1548 1337 κακῷ
1581 1267 1897 1333 τιμώμενος.

213 1353 334 1407 285.
390 1353 574 1425 ἔτερος
619 1355 814 1406 τοίνυν
861 1349 1023 1416 οὗτος
1071 1354 1247 1424 ἱερεὺς
1295 1359 1447 1406 θεῶν
1497 1357 1636 1426 λιμῷ
1679 1355 1895 1428 μεγάλῳ

210 1451 441 1510 τιμᾶται.
532 1444 850 1512 Δήμητρος,
906 1438 1081 1510 οἶμαι,
1135 1450 1298 1494 τοῦτο
1354 1444 1520 1512 ἔργον
1578 1440 1709 1496 οὐδὲ
1763 1442 1898 1514 ἀρᾶς

211 1530 325 1585 κατ’
374 1531 557 1584 αὐτῶν
588 1530 973 1599 γεγενημένης,
1001 1523 1042 1602 ᾧ
1073 1532 1193 1583 τότε
1214 1529 1488 1584 Ἀπόλλων
1519 1529 1773 1601 ἐκινήθη·
1804 1532 1895 1585 καὶ

211 1621 244 1690 ἡ
283 1617 385 1688 μὲν
431 1620 649 1689 ἡμερῶν
696 1619 880 1688 ἐννέα,
925 1627 1100 1688 μῆνας
1139 1616 1200 1671 δὲ
1239 1619 1429 1672 οὑτοσὶ
1471 1619 1726 1690 τέτταρας
1765 1620 1894 1674 ἀνα-

211 1711 387 1762 λίσκει
432 1710 533 1778 τὴν
577 1710 753 1762 πόλιν.
832 1709 879 1759 εἰ
926 1704 988 1760 δὲ
1037 1706 1128 1760 καὶ
1179 1706 1317 1777 ἀνὴρ
1366 1708 1500 1770 δοὺς
1549 1708 1711 1777 δίκην
1759 1707 1896 1776 μέγα

210 1800 569 1870 παραμύθιον
613 1805 688 1870 τῷ
729 1795 1072 1868 τετρωμένῳ,
1118 1798 1294 1849 πόσον
1340 1797 1409 1849 ἄν
1455 1816 1507 1849 τι
1551 1798 1759 1860 πόλεως
1803 1795 1895 1850 καὶ

210 1888 536 1956 τηλικαύτης
575 1892 672 1956 εἴη.

213 2082 267 2121 15
298 2023 355 2121 I16
388 2017 523 2120 Β15οἑ1.
558 2017 645 2061 Sic.
678 2016 743 2061 IV
767 2021 822 2060 60
848 2031 915 2073 sq.
955 2015 1076 2060 Plut.
1110 2015 1244 2059 Thes,
1281 2020 1349 2071 15,
1383 2020 1421 2060 1.
1526 2020 1580 2059 10
1611 2015 1662 2059 Π.
1697 2032 1727 2058 α
1752 2021 1806 2060 51
1825 2030 1891 2072 sq.

384 2094 414 2120 α

331 2201 352 2238 1
388 2196 527 2255 Κύρῳ
551 2196 620 2238 Re
643 2194 796 2247 Α111111,
832 2195 882 2237 at
906 2194 961 2238 cf.
989 2207 1059 2250 ep.
1088 2198 1171 2237 932
1202 2194 1375 2250 ἐγκαλῶ
1398 2201 1495 2243 τοῖς
1516 2196 1649 2243 θεοῖς
1672 2191 1893 2250 ἀφελομέ-

211 2272 311 2305 νοις
333 2271 387 2311 με
410 2241 599 2309 παῖ’ὃας,
624 2270 704 2303 ους
721 2249 846 2312 εἶχον
864 2251 924 2298 ἂν
942 2254 1027 2297 ουκ
1044 2251 1348 2309 ἀδικηθείσης
1363 2252 1557 2307 Κύπρου
1582 2252 1587 2311 Ι
1614 2252 1691 2295 hic
1708 2266 1892 2308 quoquc

210 2314 338 2358 locus
369 2314 525 2358 labem
556 2272 788 2368 concepitx
813 2314 817 2371 Ι
859 2313 925 2370 τε]
959 2328 1070 2357 ποτε
1101 2312 1168 2355 Re
1199 2311 1340 2354 Anim
1479 2316 1503 2354 2
1543 2310 1779 2355 vocabulis
1811 2312 1892 2355 καὶ

212 2371 327 2417 ὅθεν
358 2387 515 2416 rursus
546 2372 714 2428 incipit
745 2373 790 2416 A
827 2371 909 2427 (fol
935 2374 977 2429 1)
1100 2375 1125 2414 3
1157 2370 1351 2426 λήξατον
1383 2371 1427 2414 L
1470 2369 1475 2428 Ι
1519 2370 1637 2426 ἔφην
1669 2369 1833 2426 scripsi
1865 2384 1890 2414 0

210 2433 256 2475 Β
281 2434 328 2475 et
351 2434 405 2485 P,
438 2432 488 2474 in
520 2445 610 2487 quo
642 2448 668 2475 ν
692 2430 762 2474 m²
794 2431 1008 2474 additum
1040 2432 1124 2486 est,
1157 2444 1261 2473 cum
1294 2429 1517 2473 Sieversio
1549 2430 1609 2485 (p.
1633 2430 1738 2503 200)
1801 2429 1890 2497 ἔφη

208 2490 378 2546 reliqui
402 2491 511 2534 libri
528 2491 619 2534 edd
701 2495 728 2533 4
754 2489 920 2534 ἐστι-
938 2495 962 2533 6
979 2487 1254 2534 πεπονθότα
1279 2503 1354 2532 om
1371 2490 1416 2532 B
1444 2488 1449 2546 Ι
1478 2488 1572 2532 ἐστι
1595 2485 1700 2543 δίκη
1726 2487 1890 2544 scripsi

211 2563 236 2593 0
262 2551 344 2594 VL
426 2557 480 2607 τῇ
515 2547 623 2608 δίκῃ
655 2549 784 2593 AGP
813 2549 905 2592 edd
978 2547 1043 2604 τίς
1076 2546 1212 2604 δίκην
1243 2545 1377 2604 μείζω
1411 2547 1515 2590 coni
1548 2547 1616 2590 Re
1737 2551 1762 2590 6
1796 2546 1889 2591 ἴστε

211 2608 376 2665 scripsi
408 2567 623 2652 auctorem
626 2608 695 2651 Re
757 2607 864 2658 ἴσως
893 2608 1002 2651 libri
1030 2608 1121 2651 cdd
1243 2612 1266 2649 ’7
1293 2605 1655 2661 ἈθήνηΜΡθττ
1685 2605 1734 2647 111
1757 2619 1891 2663 marg

209 2668 311 2711 Mor
403 2672 456 2710 13
490 2667 638 2724 ἱερεὺς
667 2670 795 2711 θεῶν
827 2667 992 2723 scripsi
1025 2668 1212 2710 auctore
1243 2666 1312 2708 Re
1373 2664 1508 2719 ἱερῶν
1532 2665 1708 2709 ACVL
1739 2664 1831 2708 edd

211 2726 369 2781 ἱερέων
401 2727 447 2769 Β
487 2728 534 2770 ct
565 2739 621 2769 cx
652 2725 785 2781 ἱερῶν
825 2740 925 2770 corr
956 2725 1020 2770 1³2
1171 2729 1226 2767 14
1265 2720 1395 2780 οἶμαι
1434 2737 1510 2767 0111
1535 2724 1579 2767 V
1615 2725 1620 2779 Ι
1661 2730 1797 2767 τοῦτο
1835 2723 1887 2767 τὸ

212 2786 345 2843 ἔργον
378 2787 423 2830 Β
546 2790 598 2828 15
632 2785 775 2829 αὐτὸν
807 2785 851 2828 L
886 2788 892 2842 Ι
930 2778 965 2845 ᾧ
995 2782 1117 2842 τότε]
1152 2782 1219 2827 ὅτι
1249 2783 1296 2826 τὲ
1329 2784 1372 2827 L
1486 2787 1540 2826 16
1574 2782 1747 2841 οὑτοσὶ]
1779 2782 1888 2838 ἡμε-

211 2852 303 2900 ρῶν
335 2846 379 2912 L
515 2849 567 2887 17
608 2844 687 2887 καὶ
719 2840 785 2895 εἷς
816 2831 946 2900 ἀνὴρ
968 2842 1113 2887 Cobet
1142 2841 1407 2886 Μ110111.ΠΙ
1440 2846 1524 2885 254
1668 2846 1722 2885 18
1754 2841 1813 2886 ἄν
1842 2858 1887 2885 τι

210 2903 374 2960 scripsi
406 2916 431 2946 0
462 2904 551 2947 ΡΒ
563 2904 644 2947 VL
713 2903 816 2946 ἀντὶ
846 2918 906 2945 111.
939 2916 1027 2946 rec.
1062 2916 1162 2945 corr
1192 2902 1241 2945 in
1273 2899 1332 2945 ἂν
1362 2901 1407 2944 τὶ
1437 2901 1482 2944 A
1555 2917 1614 2944 αν
1644 2901 1696 2944 τὸ
1732 2900 1768 2944 0
1796 2899 1887 2943 edd
