2026 3168
183 128 287 182 156
721 127 949 172 LOEANH
979 126 1321 173 ORATIONES

181 265 479 334 ῥήτορας;
527 263 611 316 ὅτι
657 262 919 326 ἐλθόντες
969 264 1045 326 εἰς
1091 263 1274 316 Αἴδου
1321 262 1603 318 θεάσαιντ’
1652 263 1721 318 ἂν
1760 264 1862 319 οὐκ

179 353 416 422 ὀλίγους.
502 348 581 405 ὧν
632 352 936 421 οἰχομένων
989 350 1310 420 ἐζημίωνται
1363 349 1466 422 μὲν
1519 351 1719 422 βουλαὶ
1772 354 1865 407 καὶ

90 455 133 498 R
156 459 240 498 103
273 443 569 510 διοικήσεις
607 443 840 509 πόλεων,
879 439 1200 509 ἐζημίωνται
1234 438 1241 511 Ι
1276 438 1338 493 δὲ
1382 442 1531 494 δίκαι
1571 444 1751 510 λόγων
1788 449 1864 515 τῷ

138 641 156 673 5

114 1084 156 1116 10

115 1526 156 1559 15

115 1970 157 2001 20

181 531 375 602 δικαίῳ
422 530 721 598 συμμάχων
767 528 1135 599 ἐστερημέναι,
1183 527 1504 598 ἐζημίωνται
1543 527 1604 583 δὲ
1642 533 1863 601 θρόνοι,

182 615 260 672 ὧν
298 620 427 681 τοὺς
465 615 567 687 μὲν
600 616 814 687 Ἑρμῆς,
853 620 983 680 τοὺς
1022 615 1083 670 δὲ
1122 616 1299 688 ἐφορᾷ
1343 617 1523 687 Θέμις.

295 706 414 759 154.
459 705 564 759 Καὶ
605 708 714 775 μὴν
752 705 842 759 καὶ
881 707 1009 759 τόδε
1049 707 1361 775 δυστυχοῦς
1407 704 1469 759 ἐν
1508 707 1769 779 ἀσθενείᾳ
1806 728 1864 762 τε

181 795 270 849 καὶ
318 796 503 866 ἀτιμίᾳ
548 794 639 848 καὶ
685 800 1116 867 προπηλακισμῷ
1162 804 1274 848 τῶν
1317 797 1500 863 λόγων
1546 799 1745 864 λόγους
1784 798 1865 850 δι-

182 886 406 938 δάσκειν
444 887 763 953 καθήμενον
811 883 1012 954 ἑτέρων
1058 885 1253 952 ὄντων,
1301 882 1362 936 ἐν
1401 877 1484 946 οἷς
1530 885 1587 936 αἱ
1626 883 1863 948 ἐλπίδες·

182 973 279 1035 οὓς
317 974 365 1025 εἰ
405 970 506 1042 μὲν
545 973 618 1041 μὴ
648 973 973 1041 ἠπίστασθε,
1005 980 1105 1026 τοῦ
1139 971 1459 1036 διδάξοντος
1491 972 1561 1026 ἂν
1593 974 1724 1026 ἔδει·
1756 981 1863 1027 νῦν

181 1059 241 1115 δὲ
282 1067 397 1114 ἴστε
436 1058 538 1130 μὲν
577 1061 674 1123 οὓς
713 1064 1050 1131 μακαρίζετε·
1090 1060 1221 1131 παρ’
1262 1054 1346 1124 οἷς
1385 1063 1438 1114 οἱ
1468 1065 1718 1131 πλοῦτοι,
1751 1067 1866 1116 ἴστε

181 1148 241 1204 δὲ
281 1150 378 1213 οὓς
417 1149 635 1203 ἐλεεῖτε·
676 1148 802 1220 παρ’
850 1143 934 1213 οἷς
972 1151 1025 1203 οἱ
1065 1153 1234 1218 λόγοι.
1308 1149 1428 1203 155.
1469 1156 1614 1204 εἴποι
1652 1149 1722 1204 ἂν
1761 1146 1868 1204 οὖν

181 1240 212 1309 ἡ
267 1241 413 1309 Τύχη
462 1240 713 1308 καθάπερ
758 1237 819 1291 ἐν
863 1239 1100 1308 δράμασι
1141 1241 1387 1307 λαβοῦσα
1426 1242 1636 1309 φωνήν,
1685 1240 1768 1293 ὅτι
1815 1240 1864 1292 εἰ

180 1327 271 1381 καὶ
324 1331 545 1398 μυρίοις
598 1326 1000 1396 ἐναντιώμασιν
1050 1329 1083 1396 ἡ
1133 1327 1293 1397 τέχνη
1344 1342 1431 1381 σοι
1481 1328 1865 1397 πεπολέμηται,

181 1419 343 1470 τοῦτό
391 1416 441 1485 γ’
480 1415 550 1470 ἀν
597 1417 988 1485 ὁμολογήσαις,
1043 1417 1105 1469 ἓν
1151 1420 1374 1470 πολλῶν
1428 1416 1686 1480 ἀντάξιον
1733 1415 1859 1487 παρ’

182 1505 316 1574 ἐμοῦ
366 1520 454 1558 σοι
500 1504 778 1573 γενέσθαι,
825 1507 887 1558 τό
926 1524 984 1557 τε
1031 1506 1108 1567 εἰς
1145 1509 1362 1573 πλῆθος
1401 1513 1625 1573 ποιῆσαι
1665 1507 1870 1573 λόγους

181 1597 243 1648 τό
282 1614 340 1647 τε
379 1594 523 1647 οὕτω
565 1592 717 1657 δόξαι
757 1597 886 1656 τοὺς
925 1593 1259 1662 ποιηθέντας
1299 1590 1442 1646 εἶναι
1479 1595 1699 1662 καλούς,
1732 1593 1858 1648 ὥστ’

181 1681 261 1736 ἔτι
302 1686 517 1751 ζῶντος,
558 1681 619 1735 ἐν
658 1676 701 1753 ᾧ
742 1680 832 1734 καὶ
873 1687 1217 1751 φθονεῖσθαι
1250 1681 1475 1750 ἀνάγκη,
1508 1683 1603 1745 τὰς
1633 1692 1744 1735 τῶν
1781 1685 1866 1751 βι-

180 1772 518 1841 βλογράφων
565 1770 744 1835 δεξιὰς
790 1772 885 1834 τὰς
931 1772 1138 1833 πολλὰς
1183 1770 1371 1838 ὀλίγας
1417 1769 1741 1840 ἐλέγχεσθαι
1788 1779 1865 1843 τῷ

179 1863 382 1929 πλήθει
420 1870 532 1913 τῶν
571 1859 830 1928 ἐραστῶν.
906 1861 1186 1929 τοιγάρτοι
1225 1870 1337 1912 πᾶν
1375 1858 1738 1930 ἐργαστήριον
1777 1861 1866 1913 λό-

181 1969 296 2016 γων
333 1950 424 2001 καὶ
462 1950 662 2001 τούσδε
702 1949 986 2001 δείκνυσιν
1025 1947 1226 2015 ὁμοίως
1265 1947 1327 2000 ἐν
1357 1948 1772 2015 παιδευομένων
1809 1967 1867 2001 τε

181 2036 272 2090 καὶ
319 2038 699 2090 παιδευόντων
745 2039 911 2107 χερσί.
987 2037 1078 2089 καὶ
1124 2037 1353 2102 τούτων,
1401 2033 1442 2089 ὦ
1483 2038 1695 2107 ἄνδρες,
1740 2031 1865 2090 οἶδα

181 2133 244 2195 τῇ
294 2126 438 2195 Τύχῃ
486 2126 649 2195 χάριν
695 2126 784 2178 καὶ
832 2127 963 2178 αἰτῶ
1017 2144 1079 2193 γε
1133 2123 1260 2194 παρ’
1312 2125 1478 2193 αὐτῆς
1533 2125 1615 2178 ἀεὶ
1669 2128 1865 2194 βελτίω

182 2213 438 2283 παρέχειν
475 2215 542 2266 τὰ
581 2215 824 2283 δεύτερα.

304 2348 357 2387 15
390 2344 532 2388 Thac.
565 2344 586 2387 1
620 2349 687 2398 14,
723 2349 747 2387 2

303 2467 357 2505 12
392 2460 640 2518 σημείωσαι
671 2462 723 2506 τὸ
757 2462 805 2506 εἰ
835 2460 1179 2518 ἀποδιδόμενον
1211 2462 1266 2505 οὐ
1297 2462 1415 2517 πρὸς
1444 2461 1495 2505 τὸ
1529 2460 1662 2504 ἀλλὰ
1687 2461 1731 2504 V

303 2584 328 2622 3
359 2578 476 2636 λόγω
510 2581 556 2623 Β
676 2585 702 2622 4
735 2578 785 2624 δὲ
818 2594 892 2622 om
917 2580 960 2622 V
1076 2584 1101 2622 8
1134 2579 1183 2622 αἱ
1216 2592 1290 2622 om
1313 2579 1356 2623 V
1470 2582 1495 2620 9
1528 2578 1609 2628 οὓς
1641 2578 1804 2634 scripsi

185 2637 241 2689 ἃς
271 2637 381 2680 libri
413 2638 503 2680 edd
573 2638 602 2681 ἃ
634 2638 702 2681 Re
732 2638 873 2681 Anim
908 2639 913 2697 Ι
957 2637 1206 2683 ἐπίστασθε
1238 2638 1332 2681 ΑΡ
1450 2629 1580 2694 14ῙΓ
1610 2635 1669 2681 ἂν
1703 2638 1866 2694 scripsi

1524 2712 1607 2740 ουν

185 2769 289 2798 cum
321 2754 496 2808 Gasda,
539 2770 619 2811 qui
659 2756 795 2798 simul
828 2755 1120 2813 ὁμολογήσεις
1157 2755 1400 2811 proposuit
1494 2714 1583 2812 ζιὰρ
1616 2756 1661 2798 Α
1751 2752 1866 2811 γόὖν

185 2827 326 2870 supra.
355 2814 443 2871 γὰρ
479 2813 538 2858 Os
608 2814 696 2871 γὰρ
729 2812 788 2858 ἂν
816 2815 858 2858 V
913 2814 999 2872 γὰρ
1032 2815 1075 2858 L
1136 2820 1249 2870 γοῦν
1280 2813 1370 2857 ΡΒ
1402 2813 1492 2856 edd
1615 2819 1667 2857 17
1694 2815 1864 2872 βιβλιο-

183 2872 378 2929 γράφων
395 2873 533 2916 ΑΒΡ
554 2873 602 2915 in
627 2887 717 2929 quo
739 2873 807 2915 m²
833 2873 1155 2931 βιβλογράφων
1181 2872 1547 2928 suprascriptum
1573 2874 1642 2916 est
1672 2873 1773 2916 Mor
1795 2873 1865 2916 Re

244 2936 299 2975 20
333 2930 500 2988 ὁμοίως
523 2932 646 2975 inser
669 2931 737 2975 Α2
843 2937 896 2975 22
928 2932 1011 2988 τὴν
1036 2930 1173 2990 χάριν
1197 2932 1334 2975 ΑΡΒ
