2026 3168
674 173 900 218 LIBANII
931 171 1270 217 ORATIONES
1712 172 1732 221 l
1746 170 1811 222 19

132 321 311 384 χρῆμα
356 311 634 381 γράμμασι
680 317 966 379 συγγενεῖς
1013 328 1095 377 τε,
1147 311 1205 362 οἳ
1252 308 1398 380 αὐτῷ
1441 305 1567 377 παρ’
1625 307 1813 369 ἄλλοις

134 400 430 471 διέτριβον,
470 402 649 469 φίλων
687 419 744 452 τε
783 399 982 461 παῖδας
1020 399 1098 461 εἰς
1129 397 1190 450 ἓν
1221 404 1386 450 τοῦτο
1428 397 1813 449 διδασκαλεῖον

131 492 356 560 ἥθροιζε
393 495 468 561 τῷ
502 491 647 560 λόγῳ
686 507 744 541 τε
784 488 851 541 ὃν
887 488 1125 556 ἠκηκόει,
1166 494 1343 555 συνῆν
1379 486 1602 554 αἰτήσας
1632 504 1690 537 τε
1720 484 1812 537 καὶ

132 579 334 647 λαβών,
389 584 464 649 τῷ
511 577 833 647 συκοφάντῃ
887 595 945 629 τε
1000 575 1126 628 οἵαν
1173 574 1275 644 οὐχ
1321 573 1512 644 ἑτέραν
1566 574 1813 642 ὀφείλειν

131 668 283 735 ἔλεγε
320 667 483 736 χάριν
522 675 732 734 γνῶναι
771 666 927 719 δόντι
965 671 1152 733 ταῦτα,
1193 663 1226 716 ἃ
1265 663 1489 731 ἀγνοεῖν
1529 664 1699 731 ζημία.
1859 683 1879 715 5

245 770 328 822 73.
360 762 467 823 ’Ὧν
505 769 816 839 λεγομένων
854 788 911 821 τε
949 769 1037 822 καὶ
1077 766 1468 838 πραττομένων
1506 765 1814 836 φερομένης

130 878 188 911 τε
235 860 311 922 εἰς
358 857 603 921 ἐκείνους
641 857 766 927 παρ’
813 853 892 911 ὧν
930 857 1318 925 ἀπεληλύθειν,
1364 863 1460 924 τῆς
1505 857 1711 924 φήμης,
1759 858 1817 908 οἳ

132 947 233 1016 οὐχ
288 947 373 1000 ὅτι
425 949 491 1000 τὰ
541 949 694 1016 ἄστη,
752 946 890 999 ἀλλά
941 945 1032 999 καὶ
1082 948 1213 1008 τοὺς
1259 945 1656 1014 σμικροτάτους
1701 952 1813 996 τῶν

131 1035 319 1105 ἀγρῶν
365 1036 602 1104 ἀβάτους
645 1035 816 1108 ᾤοντό
854 1055 948 1104 μοι
987 1043 1106 1097 ταῖς
1145 1035 1430 1102 διαβολαῖς
1468 1032 1811 1104 ἐργάζεσθαι,

130 1127 212 1187 τίς
259 1123 473 1192 Τέλλος,
512 1126 656 1187 τίνες
689 1122 926 1194 Ἀργεῖοι
965 1125 1244 1177 νεανίσκοι
1284 1124 1376 1176 διὰ
1406 1131 1516 1175 τῶν
1554 1121 1679 1192 περὶ
1711 1123 1813 1191 τὴν
1837 1142 1879 1174 10

132 1211 343 1282 ἅμαξαν
388 1222 452 1283 τῇ
499 1211 661 1283 μητρὶ
707 1211 1110 1283 κεχαρισμένοι,
1157 1220 1221 1283 τῇ
1270 1221 1430 1281 σφῶν
1484 1211 1667 1264 αὐτῶν
1712 1211 1814 1279 τὴν

131 1300 268 1370 ἐμὴν
314 1301 672 1370 εὐδαιμονίαν
716 1299 1022 1372 παρῄεσαν,
1070 1301 1206 1354 ὥστε
1251 1321 1345 1370 μοι
1394 1301 1538 1353 δοκῶ
1585 1297 1676 1353 καὶ
1718 1307 1814 1368 τῆς

131 1391 307 1452 αἰτίας
351 1389 423 1458 ἣν
468 1388 555 1443 ἐπὶ
611 1398 675 1460 τῇ
729 1389 941 1458 γενέσει
991 1391 1204 1443 τούτων
1256 1388 1563 1461 ᾐτιασάμην
1597 1389 1603 1458 Ι
1645 1390 1745 1458 τὴν
1782 1400 1823 1443 R
1845 1404 1900 1444 53

139 1479 338 1547 Τύχην,
363 1477 599 1547 ἀφήσειν
629 1480 730 1548 τὴν
761 1481 915 1548 θεόν,
948 1484 1099 1548 εἴπερ
1134 1477 1193 1531 ἐκ
1223 1486 1319 1547 τῆς
1349 1478 1596 1546 βασάνου
1629 1485 1811 1532 ταῦτα.

130 1567 263 1620 οὐδὲ
301 1567 405 1637 γὰρ
445 1566 749 1630 Μέλανθος
789 1568 1078 1636 δήπουθεν
1115 1568 1302 1636 ἠτύχει
1334 1567 1560 1636 φεύγων
1596 1565 1812 1634 μέλλων
1837 1587 1878 1620 15

129 1654 252 1709 ἀντὶ
290 1663 390 1708 τοῦ
430 1658 735 1725 Μεσσήνην
775 1657 948 1709 οἰκεῖν
986 1657 1303 1724 βασιλεύειν
1335 1654 1604 1724 Ἀθηνῶν.

242 1759 325 1811 74.
366 1757 691 1828 Ηύξημένης
728 1760 796 1828 δὴ
835 1768 928 1828 τῆς
965 1757 1125 1828 δόξης
1157 1762 1373 1829 μυρίων
1403 1779 1461 1811 τε
1491 1759 1630 1828 ἡμᾶς
1661 1758 1812 1812 ἐπαι-

130 1848 383 1901 νούντων
422 1848 708 1916 στομάτων
747 1850 925 1901 ὄντων
962 1868 1020 1900 τε
1059 1858 1170 1901 τῶν
1200 1846 1290 1901 καὶ
1322 1855 1485 1901 τοῦτο
1518 1849 1812 1916 λεγόντων,

131 1937 203 1999 ὡς
264 1939 492 2005 συνείην
553 1936 872 2006 ἀνθρώποις
933 1936 1030 1999 οὓς
1091 1935 1346 2004 ἐξέβαλεν
1403 1935 1473 1989 ἂν
1525 1937 1661 1989 κατὰ
1713 1936 1812 1989 τὸν

123 2023 441 2094 Ἀρχιλόχου
474 2025 649 2093 φονέα
680 2034 796 2088 τοῖς
826 2034 1088 2094 χρησμοῖς
1122 2024 1149 2078 ὁ
1185 2026 1422 2092 Πύθιος,
1455 2023 1811 2094 ἐπικειμένων
1835 2046 1878 2078 20

251 2249 304 2288 10
335 2244 441 2288 Her.
467 2245 487 2287 I
513 2249 580 2288 30.
609 2249 677 2287 31.
711 2244 817 2288 Luc.
847 2243 976 2288 Char.
1014 2249 1068 2288 10
1162 2249 1215 2288 15
1247 2244 1353 2287 Her.
1380 2243 1421 2287 V
1453 2249 1508 2288 65
1600 2249 1656 2288 20
1687 2244 1808 2288 Plut.

130 2317 213 2348 ser.
240 2319 362 2347 num.
389 2304 511 2347 vind.
541 2309 607 2346 17.
642 2303 832 2347 Aristid.
867 2318 929 2347 or.
964 2308 1019 2347 46
1051 2305 1084 2347 t.
1110 2303 1151 2346 11
1182 2319 1225 2360 p.
1253 2308 1337 2347 380
1361 2303 1415 2347 D.
1451 2303 1575 2347 Suid.
1603 2319 1635 2347 s.
1663 2319 1701 2347 V.
1717 2301 1809 2358 Ἀρ-

129 2360 308 2465 χίΙλοΙχὶος
340 2362 595 2420 (Μουσάων
626 2362 900 2418 θεράποντα
933 2361 1224 2413 κατέκτανες·
1261 2362 1383 2415 ἔξιθι
1414 2365 1548 2420 ναοῦ)
1582 2362 1637 2406 cf.
1664 2362 1684 2404 Ι
1708 2367 1808 2417 473,

250 2634 271 2672 1
307 2629 537 2686 γράμμασι
568 2628 742 2672 inserui
775 2642 799 2672 e
826 2629 868 2672 V
894 2630 941 2672 ei:
971 2645 1039 2685 γ.ρ
1072 2629 1174 2672 Mor
1204 2629 1253 2672 in
1284 2642 1416 2686 marg
1504 2628 1733 2686 γράμματι
1765 2630 1808 2672 L

131 2700 205 2730 om
237 2689 417 2732 ACPB
454 2688 459 2736 Ι
495 2688 638 2731 αὐτοῦ
669 2687 771 2731 Mor
805 2688 811 2746 Ι
852 2686 981 2742 παρὰ
1012 2688 1149 2732 ACB
1180 2688 1291 2731 Ferr
1423 2693 1447 2731 ‘1
1478 2704 1527 2732 τε
1559 2687 1808 2732 delendum

132 2747 288 2789 censet
317 2747 399 2802 Re,
429 2739 627 2791 fortasse
657 2748 782 2790 recte
893 2751 917 2790 8
950 2746 1252 2803 μικροτάτους
1277 2748 1320 2791 V
1419 2751 1444 2789 9
1476 2746 1559 2797 τὰς
1589 2746 1809 2819 διαβολὰς

130 2805 267 2849 AOP
294 2805 404 2849 Fen·
462 2805 546 2856 τὰς
575 2805 818 2880 διατριβὰς
847 2807 893 2849 Β
921 2806 930 2877 l
957 2804 1246 2862 ἐργάσασθαι
1277 2806 1378 2850 Mor
1404 2806 1471 2849 Re
1531 2821 1643 2849 num
1663 2804 1808 2880 foy&-

131 2865 327 2907 ossam?
430 2869 483 2907 13
515 2865 651 2921 ἠτιασ
683 2865 733 2908 in
764 2865 1024 2921 ἠτιασαμην
1055 2864 1104 2907 in
1135 2878 1209 2908 ras
1245 2865 1308 2910 0²
1415 2870 1467 2908 15
1501 2881 1540 2909 ει
1571 2865 1620 2907 in
1652 2864 1807 2921 ἠτύχει

129 2921 180 2964 in
210 2935 284 2965 ras
319 2922 556 2967 0216
596 2922 764 2980 μεσήνη
769 2941 796 2968 ν
826 2924 918 2968 BL
1041 2929 1091 2967 17
1133 2924 1183 2968 δὲ
1218 2925 1308 2968 BL
1430 2929 1483 2967 19
1517 2923 1703 2979 συνήειν
1726 2924 1807 2967 VL

131 2978 340 3038 ἐξέβαλεν
372 2994 427 3024 ex
459 2980 692 3040 ἐξέβαλλεν
729 2996 829 3026 corr
860 2982 925 3026 12²
