2026 3168
677 149 906 193 LIBANII
937 148 1278 193 ORATIONES
1749 151 1820 204 95

136 284 415 338 ἀπέλαυον
446 285 524 347 εἰς
554 286 763 347 πόνους
795 286 884 353 ἔτη
918 283 1080 338 πέντε
1102 283 1193 337 καὶ
1218 290 1390 338 εἴκοσι
1414 286 1672 354 γεγονώς,
1705 285 1733 339 ὁ
1760 283 1820 339 δὲ

135 374 440 442 Αἰγύπτιος
463 375 630 426 πλείω
654 371 800 442 δέκα,
821 374 1023 427 τούτου
1044 370 1106 426 δὲ
1128 369 1198 441 ἣν
1222 375 1414 443 ἅτερος
1435 375 1820 443 πρεσβύτερος,

137 463 247 515 ε”δει
287 458 348 514 δὲ
385 470 642 531 παρεῖναι
688 463 1047 531 καλούμενον.
1119 460 1211 514 καὶ
1249 469 1324 534 τῷ
1357 459 1460 531 μὲν
1497 463 1596 515 τὸν
1632 464 1821 532 θυμὸν

136 549 165 603 ὁ
215 551 415 619 χρόνος
461 549 712 619 ἐκοίμιζε,
759 551 847 603 καὶ
895 547 1045 620 εἶχον
1099 551 1153 603 οἱ
1205 549 1463 619 σοφισταὶ
1507 552 1574 603 τὰ
1620 551 1818 620 αὑτῶν,

133 636 237 706 ἐγὼ
279 635 339 691 δὲ
378 632 463 702 οἷς
500 637 714 707 ᾑρέθην
753 637 1142 709 ἐκεκοσμήμην.
1211 641 1380 709 μεστὰ
1421 641 1488 708 δὴ
1526 638 1655 692 τάπὶ
1694 641 1819 693 τού·
1864 661 1886 696 5

130 745 247 789 τοις
283 727 525 791 ὑποψίας
563 726 655 780 καὶ
695 727 797 780 οὐκ
834 724 905 796 ἦν
936 726 1052 780 οὔτ’
1090 726 1321 791 ἐκείνοις
1353 729 1481 780 οὔτε
1511 728 1644 797 ἡμῖν
1683 734 1820 782 καθ-

132 816 335 884 εύδειν,
381 814 498 868 ἀλλ’
530 816 796 884 ἠνάγκαζε
833 818 963 879 τοὺς
1001 813 1104 886 μὲν
1142 817 1203 869 τὸ
1238 815 1622 884 ἐπιβουλεύειν
1652 817 1820 887 ἀγρυ-

133 913 311 972 πνεῖν,
343 905 484 973 ἡμᾶς
516 901 577 957 δὲ
608 904 641 972 ἡ
674 912 773 957 τοῦ
802 924 855 957 τι
881 906 1002 958 δεῖν
1025 907 1318 958 πείσεσθαι
1340 915 1452 959 τῶν
1475 905 1819 976 ἀηδεστέρων

130 992 298 1055 ἐλπίς.
375 993 441 1045 οὐ
481 994 592 1062 μὴν
631 991 751 1046 οὐδ’
798 993 1044 1046 ἐνταῦθά
1080 1014 1147 1062 με
1192 996 1471 1064 προήκατο
1510 996 1819 1065 θρασύτητι

130 1081 413 1151 νεωτέρων
451 1082 484 1150 ἡ
533 1083 696 1151 Τύχη,
733 1091 944 1151 κατεῖχε
984 1083 1046 1136 δὲ
1078 1083 1280 1145 αὐτοὺς
1309 1081 1400 1136 καὶ
1432 1083 1577 1151 μάλα
1608 1083 1817 1153 ὀργῶν-
1839 1106 1884 1138 10

127 1170 225 1233 τάς
263 1189 320 1222 τε
359 1171 450 1223 καὶ
491 1169 970 1240 παρωξυμμένους.

240 1259 325 1311 26.
372 1258 512 1328 Φέρε
552 1260 620 1327 δὴ
658 1258 750 1312 καὶ
791 1257 976 1330 ἑτέρας
1015 1260 1116 1313 οὐκ
1164 1259 1434 1329 ἀγεννοῦς
1479 1266 1816 1330 μνησθῶμεν

130 1346 473 1416 ἀποδείξεως,
514 1348 587 1411 ὡς
623 1344 695 1416 ἧν
733 1347 795 1401 ἐν
835 1348 1112 1419 ἐπιμελείᾳ
1149 1357 1214 1419 τῇ
1263 1350 1425 1423 Τύχῃ.
1496 1349 1688 1418 ἔμελλέ
1723 1371 1815 1419 μοι

129 1436 509 1506 πεπράσεσθαι
556 1438 623 1489 τὰ
672 1443 915 1509 πατρῷα,
966 1436 1057 1490 καὶ
1111 1444 1275 1490 τοῦτο
1322 1438 1355 1506 ἡ
1405 1440 1554 1506 θεός,
1607 1431 1696 1491 οἶα
1746 1439 1813 1507 δὴ

129 1527 279 1593 θεός,
333 1528 726 1594 προηπίστατο,
782 1526 1007 1595 γνώμην
1062 1523 1122 1578 δὲ
1179 1522 1331 1595 εἶχον
1380 1526 1536 1597 ἕτερα
1588 1526 1816 1597 τέτταρα
1839 1538 1881 1581 1'5

127 1615 217 1682 ἔτη
259 1622 375 1677 τοῖς
411 1614 745 1683 ἠνυσμένοις
784 1615 1052 1684 προσθεὶς
1090 1615 1264 1678 οὕτως
1300 1614 1618 1685 Ἀθήνηθεν
1655 1616 1816 1669 ἀπελ-

126 1707 273 1770 θεῖν,
313 1703 386 1765 ὡς
423 1711 518 1772 τῆς
556 1723 649 1772 μοι
689 1711 868 1773 ψυχῆς
909 1703 1171 1773 δεομένης
1209 1703 1474 1772 γενέσθαι
1508 1706 1814 1772 βελτίονος·

125 1789 218 1843 καὶ
265 1792 368 1860 γὰρ
418 1793 465 1843 εἰ
507 1790 513 1861 Ι
558 1791 641 1844 ὅτι
681 1792 914 1860 μάλιστα
954 1792 1318 1863 ἀποχρώντως
1366 1791 1602 1846 ἐδόκουν
1640 1802 1755 1855 τοῖς
1786 1806 1900 1850 R21

126 1881 314 1942 ἄλλοις
360 1881 521 1948 ἔχειν,
569 1878 685 1933 ἀλλ’
741 1881 844 1932 οὐκ
891 1881 1054 1943 αὐτός
1100 1900 1162 1948 γε
1218 1880 1524 1950 ἐφαινόμην
1578 1880 1812 1953 ἐμαυτῷ,

125 1967 251 2030 δέος
290 1967 355 2020 δέ
388 1987 452 2035 με
492 1966 857 2038 ἐξετάραττεν,
901 1969 973 2031 ὡς
1011 1969 1365 2038 περιστάντες
1411 1970 1463 2022 ol
1511 1969 1811 2039 ἑκασταχοῦ
1837 1992 1880 2024 20

244 2132 300 2171 14
337 2127 401 2170 ΠΙ
434 2131 529 2198 195,
566 2132 619 2171 14
644 2142 698 2183 sq
729 2128 770 2171 R

245 2265 267 2303 1
303 2275 323 2304 ε
348 2260 396 2303 in
420 2259 656 2305 ἀπέλαυον
681 2260 731 2303 in
753 2275 828 2304 ras
845 2261 920 2305 Af
977 2228 1212 2306 ἀπέλαυον
1236 2263 1280 2306 L
1357 2267 1382 2305 2
1409 2260 1541 2321 δέκα]
1565 2277 1676 2306 num
1700 2262 1774 2319 μ’ἱ)
1802 2264 1806 2321 Ι

129 2317 281 2374 ἕτερος
311 2320 379 2363 Re
472 2319 495 2363 ὁ
530 2318 681 2375 ἕτερος
712 2319 868 2363 Gasda
957 2321 1125 2365 τούτου
1157 2319 1201 2365 δ’
1239 2320 1263 2364 ὃ
1295 2320 1512 2378 ἡμέτερος
1542 2321 1812 2366 MSchmidt

123 2377 242 2421 Phil.
269 2378 310 2420 X
335 2383 419 2422 610
516 2384 541 2421 3
574 2379 625 2422 δὲ
651 2379 815 2435 scripsi
876 2379 934 2435 δὴ
975 2379 1083 2423 libri
1116 2381 1163 2423 et
1194 2380 1284 2423 edd
1319 2381 1324 2439 Ι
1358 2387 1450 2425 τῶν
1470 2381 1514 2425 V
1596 2386 1623 2424 4
1656 2382 1810 2425 oc‘oe'mcbv

125 2438 172 2480 B
250 2438 403 2482 αὐτῶν
435 2439 480 2481 Ρ
598 2442 623 2480 5
655 2437 855 2494 ηἱρέθην
895 2452 950 2481 ex
988 2437 1193 2495 ηἰρόθην
1226 2453 1337 2483 corr.
1375 2440 1446 2484 Cv
1480 2440 1486 2498 Ι
1527 2439 1584 2483 τὰ
1616 2440 1693 2484 ἐπὶ
1723 2440 1810 2484 PL
1855 2467 1870 2473 -ν

126 2495 218 2538 edd
339 2501 364 2539 6
406 2497 509 2541 οὔτε
536 2498 617 2541 VL
738 2501 764 2540 8
796 2495 841 2540 τί
871 2497 1010 2541 AVL
1085 2499 1203 2555 δεῖν]
1239 2498 1296 2556 δὴ
1329 2499 1374 2542 Β
1406 2500 1453 2542 eh
1483 2499 1533 2542 in
1562 2512 1638 2542 ras
1669 2499 1733 2543 Ρ4
1764 2501 1811 2542 et

124 2554 175 2597 in
206 2568 301 2609 ras,
341 2557 395 2598 ut
426 2555 629 2608 videtur,
675 2570 785 2599 corr.
828 2570 852 2599 e
885 2559 984 2600 δεῖν
1016 2556 1059 2599 L
1092 2557 1139 2600 et
1171 2571 1310 2614 supra
1342 2561 1442 2603 δεῖν
1461 2559 1504 2602 V
1585 2572 1698 2601 num
1730 2558 1810 2602 de-

124 2655 343 2702 lendum?
371 2659 376 2715 Ι
418 2630 657 2714 πήσεσθοῗῖ
676 2660 722 2702 Β
750 2660 756 2716 Ι
799 2666 889 2703 τῶν
915 2658 1202 2715 ἀηδεστέρων
1234 2663 1289 2715 P,
1334 2661 1416 2704 sed
1445 2668 1536 2705 τῶν
1568 2661 1628 2717 ἄη
1660 2660 1730 2703 m²
1760 2661 1810 2704 in

125 2728 200 2758 ras
343 2722 396 2759 11
429 2717 835 2775 παροξυνομένους
873 2719 974 2762 Mor
1118 2724 1171 2763 12
1210 2720 1473 2771 ἀσθενοῦςῗ
1618 2724 1671 2763 13
1710 2720 1807 2778 μοι]

126 2771 209 2828 μέν
247 2791 325 2829 μοι
355 2776 398 2819 L
566 2781 619 2821 18
662 2775 858 2822 ἐδόκουν
886 2779 929 2821 V
953 2777 1063 2821 Fen·
1101 2778 1150 2821 in
1188 2792 1322 2836 marg
1356 2779 1458 2823 Mor
1487 2779 1555 2822 Re
1657 2777 1808 2823 ἐδόκει

125 2832 346 2877 AGPBL
512 2839 566 2879 20
600 2835 653 2881 δέ
682 2836 732 2879 in
761 2849 836 2879 ras
869 2836 933 2880 Ρ2
976 2838 982 2893 ἰ
1025 2836 1280 2896 ἑκασταχοῦ
1314 2839 1453 2894 σοφοὶ
1483 2837 1533 2880 in
1562 2851 1696 2894 marg
1724 2837 1806 2890 ηιξ,

126 2891 176 2933 in
206 2893 338 2935 textu
369 2893 417 2937 ἐν
451 2893 607 2946 ἄλλοις
633 2896 888 2952 σοφώτεροι
921 2897 966 2940 Ρ
1047 2895 1302 2955 ἑκασταχοῦ
1335 2897 1589 2952 σοφώτεροι
1619 2897 1663 2940 L
1747 2896 1808 2938 ad

127 2950 268 3006 σοφοὶ
298 2951 347 2994 in
377 2965 511 3009 marg
542 2954 593 2998 ἐν
626 2953 744 2998 ἄλλω
777 2955 1030 3010 σοφώτεροι
1061 2955 1163 2999 AV
1226 2970 1348 2998 num·
1370 2956 1659 3012 oocpcbvocvot?
