2026 3168
154 286 182 324 4

213 135 285 188 24
753 133 979 178 LIBANn
1011 132 1351 177 ORATIONES

329 277 375 322 4.
418 274 580 323 Codex
609 273 974 321 Barberinus
1006 273 1056 320 Π
1081 274 1147 320 41
1184 266 1327 339 (olim
1353 265 1482 339 351)
1515 265 1609 339 (--=
1634 266 1716 340 B),
1748 276 1918 322 antea.

211 350 420 397 fortasse
470 350 523 395 in
572 347 870 395 bibliotheca
918 345 1180 408 Cryptensi
1224 347 1303 395 vel
1351 345 1811 412 Grottaferratensi,
1868 366 1894 395 e

211 439 311 486 qua
356 423 671 470 Franciscum
714 420 1037 468 Barberinum
1085 420 1383 468 cardinalem
1420 420 1611 468 Urbani
1642 420 1765 468 VIII
1810 439 1892 470 ne-

209 499 376 560 potem
414 496 594 543 multos
634 495 823 543 codices
870 496 922 541 in
962 509 1104 542 suam
1150 494 1461 542 transtulisse
1508 496 1702 542 constat
1714 488 1777 561 1>,
1828 498 1892 544 si-

211 569 410 632 quidem
448 571 500 616 in
538 570 772 616 interiore
810 570 951 631 parte
998 568 1242 616 involucri
1286 583 1375 630 per
1418 569 1756 616 membranam
1807 586 1892 633 ag-

210 645 509 707 glutinatam
547 645 735 704 ferrata
774 644 1013 705 scriptum
1050 643 1354 704 perspexisse
1392 643 1516 689 mihi
1554 643 1687 691 visus
1721 638 1891 710 sum.²)

210 717 505 765 Chartaceus
547 718 621 764 est
659 717 846 764 formae
886 717 997 763 folii
1033 717 1253 776 minoris,
1293 716 1477 764 saeculi
1514 733 1627 778 non,
1666 718 1724 763 ut
1753 717 1889 765 Iaco-

145 824 149 829 -
207 791 295 839 bus
335 790 569 840 Morellus
580 783 621 856 3)
664 791 756 852 ait,
795 790 889 846 XI,
938 789 1022 837 sed
1059 789 1163 837 XV.
1243 788 1404 838 Codex
1453 806 1596 851 quem
1643 792 1732 852 qui
1777 807 1890 839 con-

207 865 404 927 scripsit
454 864 753 926 exemplaria
805 864 1024 925 undique
1079 865 1372 925 conquirens
1425 865 1636 911 maxime
1691 879 1890 927 operam

207 939 343 987 dedit
380 941 438 986 ut
477 939 694 1000 corporis
731 938 891 985 instar
930 953 1132 999 operum
1163 937 1550 985 Libanianorum
1588 937 1738 1000 fieret,
1778 954 1889 986 con-

207 1015 309 1061 stat
348 1029 373 1060 e
412 1011 602 1060 duabus
641 1011 869 1074 partibus
909 1027 1008 1059 uno
1048 1011 1296 1059 volumine
1337 1011 1717 1074 comprehensis,
1770 1028 1891 1074 qua-

204 1103 315 1134 rum
355 1087 491 1149 prior
520 1086 642 1134 folia
675 1087 780 1133 279
820 1086 899 1133 vel
936 1086 1282 1147 quaterniones
1313 1082 1400 1146 w,
1441 1086 1597 1133 altera
1628 1086 1750 1133 folia
1784 1088 1887 1135 198

204 1162 285 1209 vel
324 1161 670 1222 quaterniones
717 1155 795 1223 κβ’
834 1161 1066 1207 continet.
1144 1159 1352 1207 Numeri
1396 1160 1450 1206 in
1497 1161 1720 1223 margine
1765 1160 1889 1208 infe-

204 1234 333 1282 riore
372 1234 539 1282 ultimi
576 1233 686 1281 folii
725 1235 887 1282 aversi
923 1235 1306 1295 uniuscuiusque
1347 1233 1685 1295 quaternionis
1723 1250 1890 1295 manu,

205 1310 262 1356 ut
298 1307 510 1369 videtur,
549 1307 742 1355 librarii
779 1308 938 1369 ipsius
978 1307 1151 1368 scripti
1190 1309 1317 1355 sunt.
1394 1307 1452 1354 In
1492 1307 1612 1355 folio
1651 1309 1755 1355 471
1798 1325 1889 1355 nu-

204 1397 366 1430 merus
413 1383 500 1444 qui
546 1381 756 1429 debebat
801 1397 904 1429 esse
951 1377 1027 1446 ny'
1069 1380 1219 1431 deest.
1295 1381 1437 1429 Folia
1479 1383 1791 1429 271V—-279
1839 1385 1893 1430 et

206 1457 457 1504 459—47
464 1457 498 1504 Ο
536 1471 696 1504 vacua
733 1455 906 1503 relicta
946 1457 1071 1502 sunt.
1141 1455 1199 1502 In
1237 1470 1533 1517 unaquaque
1571 1456 1756 1518 pagina
1786 1457 1890 1504 fere

207 1531 274 1578 37
315 1531 475 1578 lineae
515 1531 743 1578 exaratae
783 1532 911 1577 sunt.
981 1529 1157 1591 Tituli,¹
1189 1530 1395 1591 numeri,
1433 1529 1630 1577 litterae
1668 1529 1888 1578 initiales

203 1604 458 1652 rubricata
488 1606 615 1652 sunt.
670 1603 765 1651 Hic
794 1603 899 1651 illic
929 1618 1105 1650 manus
1137 1602 1350 1651 secunda
1380 1603 1590 1651 correxit
1621 1604 1671 1650 et
1701 1604 1890 1651 scholia

203 1677 335 1725 haud
373 1693 485 1725 raro
526 1693 550 1724 e
590 1677 779 1725 Thoma
816 1677 1055 1740 Magistro
1096 1679 1295 1739 sumpta
1334 1677 1609 1738 adscripsit.

314 1751 457 1799 Folia
497 1751 591 1799 duo
630 1753 794 1813 prima
825 1753 1079 1799 continent
1108 1751 1344 1812 reliquias
1375 1750 1607 1799 foliorum
1637 1749 1887 1812 bombyci-

203 1842 379 1874 norum
418 1826 777 1888 agglutinatas,
827 1840 1036 1886 quorum
1072 1824 1208 1886 prius
1218 1819 1262 1890 4)
1309 1825 1486 1887 incipit
1525 1840 1554 1872 a
1592 1824 1754 1873 verbis
1800 1830 1889 1874 τοῦ

204 1898 514 1965 πλουτάρχου

314 1970 395 2020 καὶ
434 1971 486 2021 τὸ
525 1978 612 2021 τοῦ
652 1970 905 2038 διογένους
951 1970 1074 2038 πρὸς
1119 1971 1379 2020 νεανίσκον
1427 1969 1649 2034 ὀφθέντα
1697 1969 1785 2035 μὲν
1832 1970 1888 2020 ἐν

203 2046 448 2115 καπηλείῳ
496 2049 545 2094 et
591 2046 773 2094 desinit
817 2043 994 2113 πέτρον
1039 2045 1289 2095 τίθεσθαι·
1345 2044 1412 2110 μή
1459 2063 1503 2094 τι
1553 2043 1675 2111 πρὸς
1728 2043 1885 2114 πέτρῳ

205 2120 433 2184 στάθμην
480 2113 574 2187 (=
614 2120 744 2167 Plut.
786 2120 1029 2182 quomodo
1069 2121 1179 2182 quis
1222 2135 1334 2168 suos
1380 2119 1432 2166 in
1471 2121 1654 2167 virtute
1703 2121 1889 2167 sentiat

203 2195 452 2255 profectus
483 2211 530 2256 p.
558 2195 624 2242 82
655 2193 691 2242 C
722 2196 772 2241 et
806 2194 872 2242 75
897 2187 978 2260 F),
1017 2194 1228 2242 alterum
1267 2195 1485 2242 continet
1522 2194 1720 2240 initium
1750 2192 1885 2241 vitae

203 2267 403 2315 Libanii
442 2267 503 2315 ab
535 2267 762 2330 Eunapio
795 2269 1101 2329 conscriptae
1132 2267 1246 2315 inde
1278 2283 1308 2315 a
1338 2262 1611 2331 Λ]ιβάνιον
1642 2263 1886 2330 ἀντιόχεια

205 2338 294 2404 μὲν
323 2339 527 2425 ἤνεγκεν
557 2357 713 2403 usque
747 2341 808 2389 ad
839 2340 907 2400 εἰς
937 2339 1170 2399 ἐπίδειξιν
1202 2339 1359 2406 λόγων
1383 2338 1708 2405 ἐπαφρόδιτος
1741 2334 1808 2406 (p.
1837 2341 1887 2402 5,

208 2408 280 2480 9),
320 2417 399 2462 cui
429 2414 607 2463 titulus
639 2415 746 2479 βίος
776 2414 1002 2479 λιβανίου
1033 2408 1137 2462 κατ’
1165 2413 1402 2463 εὐνάπιον
1433 2416 1703 2475 posteriore
1734 2429 1886 2461 manu

206 2488 567 2549 suprascriptus
607 2482 749 2553 est.⁵)

315 2561 511 2608 Folium
547 2563 575 2608 3
610 2564 830 2610 continet
859 2561 1006 2609 finem
1036 2560 1243 2619 πίνακος
1275 2576 1304 2608 a
1335 2560 1536 2631 librario
1573 2561 1680 2623 ipso
1712 2560 1885 2622 scripti

326 2702 367 2757 1)
401 2700 466 2745 Cf.
500 2701 678 2755 Blume,
709 2701 803 2745 Iter
832 2701 1049 2745 Italicum
1079 2701 1143 2744 ΠΙ
1177 2705 1258 2744 132
1292 2716 1334 2744 11.
1362 2705 1430 2744 99.

321 2762 364 2818 2)
398 2758 463 2803 Cf.
497 2759 612 2804 Mus.
646 2760 792 2804 Rhen.
825 2759 903 2802 LII
935 2765 1033 2803 297..

322 2820 366 2875 3)
398 2818 588 2862 Aristid.
622 2833 684 2862 or.
719 2819 819 2862 adv.
852 2819 982 2875 Lept.
1015 2817 1160 2875 praef.
1194 2833 1238 2874 p.
1264 2818 1445 2862 XXXII.

321 2880 367 2935 4)
399 2877 582 2921 Folium
616 2883 665 2921 lv
697 2879 766 2921 est
797 2890 1005 2921 vacuum.

323 2939 367 2990 5)
399 2935 464 2979 Cf.
499 2949 637 2993 supra
668 2951 712 2992 p.
739 2941 779 2979 ⁶2.
