2026 3168
182 198 291 251 294
724 197 951 241 LIBANII
983 197 1325 242 ORATIONES

181 336 362 403 τόρων
402 334 705 402 διήνεγκας.
782 333 869 386 21.
909 332 1027 386 ἀλλ’
1071 334 1220 401 ἥκεις
1259 333 1579 404 ἐωνημένος,
1624 335 1757 406 ὅπερ
1798 334 1870 389 ὀὲν

182 421 273 476 καὶ
305 430 408 476 σοῦ
441 443 522 485 τις
553 424 911 493 φαυλότερος,
941 421 1032 475 καὶ
1063 424 1164 492 τὴν
1194 424 1359 492 τιμὴν
1390 428 1618 477 οἴκοθεν
1650 426 1869 478 ἅπασαν

185 511 251 564 οὐ
284 512 606 579 καταβαλὼν
633 513 835 574 δοῦλος
867 505 921 564 εἷ
946 521 1058 564 τῶν
1089 512 1489 565 δεδανεικότων
1520 513 1869 582 συγκαθημέ-

182 620 313 669 νων,
354 601 857 669 συνδειπνούντων,
898 599 1271 670 ἐπικειμένων,
1312 601 1341 653 ὅ
1373 621 1426 654 τι
1457 603 1750 668 βούλοιντο
1781 621 1869 655 κε-

138 710 158 743 5
183 692 476 758 λευόντων,
501 691 833 758 νυττόντων,
866 691 944 752 εἰς
966 690 1172 752 κλοπὰς
1196 688 1605 760 ἐπεγειρόντων.
1659 692 1744 743 22.
1776 690 1868 751 καὶ

185 779 276 831 διὰ
326 786 490 831 τοῦτο
540 779 601 831 τὸ
654 778 921 847 δάνεισμα
969 780 1132 846 νόμοι
1182 798 1240 831 τε
1289 782 1728 848 παραβαίνονται
1776 778 1868 832 καὶ

183 868 395 936 χάριτες
425 866 663 937 πονηραὶ
696 868 965 936 δίδονται,
996 868 1087 920 καὶ
1117 870 1272 930 νίκας
1310 866 1401 921 καὶ
1440 868 1601 935 ἥττας
1633 868 1700 921 οὐ
1733 883 1869 938 συμ-

181 956 482 1023 βαινούσας
527 964 644 1019 τοῖς
688 958 882 1025 νόμοις
928 955 1140 1025 δέχεται
1180 957 1240 1009 τὸ
1289 957 1661 1027 δικαστήριον,
1708 956 1800 1010 καὶ
1839 957 1868 1011 ὁ

181 1053 295 1107 τοῖς
333 1043 627 1114 ὑπηρέταις
664 1043 967 1098 ἐπιτάττων
997 1043 1088 1098 καὶ
1126 1046 1484 1114 θυμούμενος
1515 1045 1608 1098 ὑπ’
1639 1045 1871 1108 ἐκείνοις

118 1156 161 1187 10
184 1133 245 1186 τέ
290 1132 405 1187 ἐστι
455 1133 544 1186 καὶ
595 1141 713 1196 ταῖς
763 1132 990 1186 ἐκείνων
1041 1134 1255 1203 ὀργαῖς,
1306 1133 1409 1187 κᾶν
1451 1135 1523 1203 μὴ
1561 1135 1622 1187 τὸ
1665 1135 1871 1187 δοκοῦν

184 1225 342 1291 σφίσι
379 1228 740 1293 καταπραχθῇ
779 1221 871 1276 καὶ
909 1222 1129 1292 ταχέως,
1169 1222 1524 1293 ἐβρόντησαν.
1602 1223 1686 1276 23.
1727 1221 1870 1293 φημὶ

93 1324 244 1367 R216
277 1310 343 1364 δέ
392 1325 452 1364 σε
504 1312 594 1364 καὶ
647 1312 910 1365 ταπεινὸν
955 1308 1097 1365 εἶναι
1152 1311 1242 1365 καὶ
1290 1312 1578 1382 ὑβριστήν·
1630 1313 1691 1365 τὸ
1727 1316 1733 1378 Ι
1768 1313 1871 1381 μὲν

183 1401 287 1468 γὰρ
339 1399 373 1453 ἃ
423 1400 702 1453 σύνοισθα
750 1407 933 1473 σαυτῷ
978 1409 1147 1470 ποιεῖ,
1193 1403 1254 1455 τὸ
1298 1400 1347 1453 δ’
1395 1400 1467 1453 ἵν’
1514 1401 1691 1454 ἐκεῖνο
1739 1402 1870 1472 κρύ-

186 1507 404 1558 πτηται,
455 1491 720 1557 γίγνεται,
770 1490 862 1542 καὶ
910 1487 1027 1542 ἔστι
1065 1491 1125 1542 τὸ
1166 1493 1590 1560 προπηλακίζειν
1629 1490 1870 1560 παραπέ-

95 1598 137 1632 15
184 1593 359 1648 τασμα
408 1586 525 1640 ταῖς
574 1582 817 1641 κλοπαῖς.
894 1581 1106 1647 μᾶλλον
1144 1579 1205 1632 δὲ
1255 1578 1390 1631 οὐδὲ
1438 1580 1646 1641 κλοπὰς
1694 1581 1757 1632 τό
1807 1598 1869 1646 γε

184 1668 285 1720 σὸν
324 1664 479 1730 ἄξιον
516 1670 724 1719 καλεῖν·
773 1667 802 1720 ὁ
843 1664 945 1736 μὲν
984 1668 1088 1737 γὰρ
1136 1666 1367 1735 κλέπτης
1414 1668 1559 1730 ὅπως
1597 1668 1871 1738 ὑφαιρού-

182 1774 347 1823 μενος
385 1758 556 1823 λήσει,
596 1758 738 1823 ζητεῖ
776 1756 865 1808 καὶ
901 1756 1003 1824 τὴν
1036 1761 1162 1824 ἴσην
1193 1765 1429 1809 ποιεῖται
1463 1757 1714 1824 σπουδὴν
1743 1758 1875 1825 περί

182 1863 241 1896 τε
286 1845 346 1897 τὸ
394 1846 585 1912 λαβεῖν
629 1845 719 1897 καὶ
765 1852 956 1898 τοῦτο·
1003 1847 1072 1898 σὺ
1121 1845 1182 1898 δὲ
1226 1846 1293 1897 τὰ
1337 1854 1448 1897 τῶν
1487 1844 1871 1898 ἀπαιτούντων

184 1932 218 1985 ἃ
257 1933 527 1986 δεδώκασι
564 1941 700 2003 μιμῇ
739 1934 830 1986 καὶ
870 1934 963 1986 διὰ
1000 1942 1112 1986 τῶν
1143 1936 1359 1987 πόλεων
1391 1942 1583 2003 χωρεῖς
1615 1933 1869 2003 ἀγείρων,

117 2042 161 2075 20
184 2019 324 2090 ἔχων
361 2023 493 2083 τοὺς
540 2023 895 2091 προδρόμους
945 2023 1082 2091 πρὸς
1130 2023 1226 2085 τὰς
1274 2023 1482 2089 βουλὰς
1530 2025 1794 2089 βοῶντας·
1836 2022 1869 2091 ἢ

185 2110 332 2163 δότε
385 2108 418 2178 ἢ
474 2109 855 2164 ἀπολεῖσθε·
910 2110 939 2164 ὁ
994 2113 1112 2180 γὰρ
1167 2112 1400 2165 αὐτίκα
1457 2111 1626 2180 ἥξων
1680 2107 1870 2174 οὗτος

184 2205 386 2269 πρᾷος
424 2199 541 2266 μὲν
578 2207 718 2262 τοῖς
758 2200 1026 2253 διδοῦσι
1065 2201 1169 2253 καὶ
1208 2202 1442 2270 πατήρ,
1483 2202 1760 2269 χαλεπὸς
1799 2200 1869 2252 δὲ

183 2295 320 2350 τοῖς
356 2294 550 2340 τοῦτο
589 2289 669 2356 μὴ
709 2295 981 2340 ποιοῦσι
1020 2287 1125 2341 καὶ
1165 2290 1490 2358 σκορπίος.
1553 2288 1637 2340 24.
1673 2287 1765 2340 καὶ
1796 2288 1869 2350 ὡς

185 2375 251 2428 οὐ
301 2376 600 2444 ψεύδομαι,
649 2384 1042 2446 μαρτυροῦσαν
1079 2377 1180 2444 μὲν
1219 2375 1322 2446 ἔχω
1362 2377 1606 2430 Χαλκίδα
1643 2377 1743 2444 τὴν
1783 2377 1869 2428 δε-

118 2485 161 2517 25
185 2462 421 2532 ξαμένην
451 2465 659 2533 πληγὰς
690 2464 1053 2535 πεπραμένας,
1085 2473 1478 2535 μαρτυροῦσαν
1510 2462 1569 2517 δὲ
1599 2465 1699 2533 τὴν
1712 2463 1867 2517 Ἀπα-

303 2598 328 2636 3
370 2596 642 2667 καταλαβὼν
673 2595 806 2652 Bong
954 2600 982 2638 4
1020 2613 1036 2639 ι
1075 2595 1205 2652 prius
1244 2595 1295 2638 in
1333 2595 1480 2639 ἐπικει
1516 2593 1633 2639 ένων
1674 2608 1774 2637 corr
1813 2608 1868 2638 ex

186 2669 226 2697 ει
259 2653 324 2698 C*
461 2657 484 2696 7
517 2670 655 2709 ηττας
686 2655 764 2697 καὶ
795 2651 931 2704 νίκας
961 2655 996 2697 Ι
1131 2655 1269 2698 9καὶ
1300 2668 1375 2697 om
1408 2656 1492 2698 Mo
1520 2657 1524 2710 Ι
1577 2650 1758 2704 κείνους
1782 2655 1867 2698 Mo

246 2716 299 2755 11
331 2715 557 2769 παραχθῆ
592 2715 675 2757 Mo
809 2717 862 2756 13
895 2659 1156 2757 σύνοισθα9
1158 2727 1262 2757 cum
1293 2726 1454 2755 rasura
1488 2717 1509 2755 1
1543 2712 1730 2756 litterae
1760 2714 1869 2769 post

185 2788 216 2813 α
249 2773 333 2815 Mo
375 2773 381 2826 Ι
423 2771 474 2814 δὲ
505 2772 540 2814 Ι
565 2772 655 2815 edd
689 2772 695 2830 1
732 2789 809 2815 ινα
840 2773 981 2816 ΙΒΜ
998 2772 1132 2829 Bong
1165 2772 1171 2831 Ι
1207 2768 1401 2822 ἐκείνοις
1426 2773 1488 2816 M
1605 2776 1659 2814 14
1690 2769 1868 2839 γίνεται

186 2830 340 2888 ΒΜΙ
383 2829 506 2874 ἔστιν
529 2832 574 2875 A
599 2831 640 2931 Α
664 2831 714 2875 τὸ
745 2858 798 2863 -
834 2836 888 2874 15
920 2834 1114 2881 κλοπαῖς
1143 2844 1325 2875 versum
1357 2829 1624 2874 comoediae
1657 2829 1869 2887 agnoscit

186 2887 317 2931 Kock
333 2830 419 2932 'Fra
454 2903 567 2932 eom.
642 2891 695 2932 tt.
728 2889 792 2932 111
822 2904 865 2945 p.
900 2894 1000 2944 500,
1032 2894 1117 2933 499
1209 2890 1260 2933 τὸ
1294 2903 1368 2932 om
1399 2889 1532 2946 Bong
1668 2894 1721 2931 17
1754 2888 1866 2945 λήση

189 2949 251 2991 Μ
268 2947 402 3004 Bong
524 2953 576 2991 19
607 2948 804 3005 χωρὶςΙ
925 2953 981 2991 24
1013 2949 1095 3004 μὲν
1127 2962 1201 2991 om
1232 2948 1364 3006 Bong
1484 2953 1539 2991 25
1571 2945 1869 3003 πεπραμένας

186 3006 253 3049 Re
278 3019 302 3050 e
322 3008 405 3050 Mo
465 3005 791 3063 πεπραγμένοις
811 3007 981 3062 reliqui
1004 3007 1113 3050 libri
1130 3007 1228 3065 (sed
1251 3025 1277 3064 γ
1303 3020 1484 3050 erasum
1508 3007 1557 3050 in
1579 3007 1639 3063 V)
1665 3008 1712 3050 et
1735 3006 1868 3063 Bong
