2026 3168
654 124 881 168 LIBANII
912 124 1252 169 ORATIONES
1696 124 1801 177 183

122 261 451 330 ἐκβαλόντας
488 261 548 313 τὸ
589 260 711 323 δέος
749 261 837 313 καὶ
875 256 1007 329 ἧκεν
1047 255 1208 323 οὗτος
1247 262 1324 323 εἰς
1362 261 1428 313 τὰ
1467 262 1568 329 ὅρη
1607 279 1665 312 τε
1711 260 1799 312 καὶ

122 351 216 413 τὰς
261 350 435 412 νάπας
475 349 503 403 ὁ
544 351 721 417 λόγος,
760 345 901 416 ἦσαν
938 350 1044 419 πρὸ
1086 347 1318 419 ἑσπέρας
1366 348 1426 402 ἐν
1464 357 1580 411 τοῖς
1619 349 1802 401 αὑτῶν

123 438 360 506 ἕκαστος,
407 438 496 490 καὶ
546 446 767 507 πρᾶγμα
806 438 909 491 οὐκ
948 437 1017 491 ἂν
1057 437 1322 491 ἐλπισθὲν
1360 437 1538 490 ἕωθεν
1579 435 1799 507 ἑωρᾶτο,

123 528 324 597 δρόμος
369 525 552 589 οὐδεὶς
593 525 674 580 ἐπ’
721 528 940 595 ἄρτους·
1003 527 1182 580 αἴτιον
1229 523 1290 579 δὲ
1336 528 1396 579 τὸ
1442 531 1658 594 πλῆθος
1705 526 1802 578 αὐ-

120 625 245 669 τῶν.
307 622 469 668 τοῦτο
503 616 635 682 μετὰ
674 623 768 683 τῆς
808 616 984 684 Τύχης
1020 617 1341 685 πεπρᾶχθαί
1373 635 1467 682 μοι
1506 616 1679 683 φαίην
1718 615 1799 666 ἄν.
1847 634 1867 668 5

122 705 209 757 διὸ
248 712 359 757 τῶν
398 706 929 773 λελειτουργηκότων
968 705 1371 774 χρησιμώτερος
1410 702 1700 772 ἐκεκρίμην
1736 710 1800 772 τῇ

121 794 296 845 πόλει·
335 794 465 855 τοὺς
496 793 597 861 μὲν
635 794 738 861 γὰρ
779 792 840 846 ἐν
872 792 1145 863 σωζομένη
1178 797 1518 860 πεποιῆσθαι
1548 800 1612 861 τῇ
1644 793 1801 843 πόλει

120 882 221 950 τὴν
253 882 520 950 δαπάνην,
551 880 644 934 ὑπ’
675 880 806 948 ἐμοῦ
841 882 902 934 δὲ
933 881 1106 950 αὐτὴν
1138 886 1432 934 σεσῶσθαι.
1480 881 1602 933 228.
1634 880 1802 933 πάλιν

119 972 314 1023 τοίνυν
359 972 563 1038 βουλῆς
607 978 775 1038 κακῆς
820 969 913 1023 ὑπ’
968 970 1247 1042 ἀνθρώπῳ
1294 971 1567 1039 μεθύοντί
1607 989 1665 1022 τε
1710 969 1800 1021 καὶ

122 1057 339 1131 ὀλέθρῳ
378 1061 571 1127 θείσης
608 1060 739 1121 τοὺς
777 1060 1109 1127 σιτοποιούς,
1151 1060 1212 1122 ὃς
1251 1058 1390 1125 ὁμοῦ
1423 1055 1523 1124 μὲν
1555 1055 1800 1126 ἔτυπτεν,
1826 1078 1869 1110 10

122 1147 262 1215 ὁμοῦ
302 1144 362 1200 δὲ
402 1149 589 1214 ἔμελλε
627 1148 716 1200 καὶ
757 1147 824 1200 οὐ
863 1149 1095 1210 τούτους
1133 1145 1194 1200 δὲ
1233 1149 1422 1216 μόνον,
1471 1145 1588 1199 ἀλλ’
1634 1145 1802 1208 ἔθνος

121 1236 283 1305 ἅπαν,
322 1234 412 1288 καὶ
443 1238 630 1306 τρίτον
667 1235 802 1305 ἐπῆν
842 1239 1028 1304 κακόν,
1067 1236 1128 1289 τὸ
1162 1235 1605 1304 γεγυμνωμένοις
1644 1244 1758 1298 τοῖς
1793 1233 1797 1306 Ι

120 1325 314 1387 νώτοις
360 1326 595 1392 ἄγεσθαι
643 1326 733 1378 ὃιά
772 1332 871 1378 τοῦ
920 1327 1123 1387 ἄστεος.
1200 1325 1418 1387 τούτοις
1457 1323 1561 1392 ἐγὼ
1601 1321 1703 1391 μὲν
1741 1337 1782 1379 R
1806 1340 1887 1379 141

120 1415 348 1482 ἤλγουν,
387 1412 416 1466 ὁ
458 1414 518 1467 δὲ
556 1411 736 1483 ἔχαιρε
775 1413 866 1466 καὶ
904 1412 1017 1466 κατ’
1059 1414 1193 1466 αὐτό
1225 1433 1287 1482 γε
1319 1421 1483 1466 τοῦτο
1515 1415 1576 1466 τὸ
1611 1412 1801 1481 ἀλγεῖν

119 1500 225 1568 ἐμέ.
303 1501 425 1554 229.
479 1502 579 1569 τὴν
626 1501 799 1571 ἀρχὴν
845 1498 906 1554 δὲ
952 1497 1094 1569 ’ἦσαν
1141 1504 1198 1554 οἳ
1238 1501 1425 1570 ὀρθῶς
1462 1508 1633 1554 ταῦτα
1670 1503 1800 1571 τῇδε
1826 1523 1867 1555 15

119 1590 457 1658 πράττεσθαι
510 1593 741 1643 ἔπειθον
790 1591 878 1642 καὶ
934 1590 1023 1659 ὡς,
1082 1595 1137 1642 εἴ
1183 1609 1266 1652 τις
1318 1589 1532 1643 ἐκεῖνον
1585 1589 1800 1659 ἀφέλοι,

119 1682 280 1749 χείρω
320 1680 535 1747 ποιήσει
582 1679 682 1747 τὴν
721 1678 944 1748 ἀγοράν.
1020 1675 1091 1747 ἦν
1137 1675 1240 1732 οὖν
1287 1679 1315 1732 ὁ
1355 1676 1457 1748 μὲν
1496 1678 1557 1732 ἐν
1594 1685 1669 1751 τῷ
1702 1687 1800 1732 τοῦ

121 1769 469 1836 νενικηκότος
508 1769 737 1836 σχήματι
776 1766 867 1820 καὶ
906 1768 1069 1830 αὐτός
1106 1787 1164 1820 τε
1203 1769 1402 1836 ἤσθιεν
1442 1769 1500 1820 οἵ
1533 1788 1591 1820 τε
1629 1775 1801 1820 ταῦτα

122 1854 490 1924 ἐπαινοῦντες,
527 1857 659 1925 ἡμῖν
699 1853 758 1908 δὲ
797 1859 1171 1925 κεκρατῆσθαί
1196 1875 1254 1908 τε
1294 1855 1624 1924 συνέβαινεν
1653 1853 1801 1924 ἔχειν

119 1963 178 1997 τε
214 1946 358 2013 πλὴν
396 1944 637 2011 ἀθυμίας
675 1945 855 1997 οὐδέν.
933 1945 1054 1996 230.
1093 1953 1158 2014 τῇ
1197 1945 1341 2014 Τύχῃ
1382 1944 1458 2013 δέ,
1499 1946 1572 2007 ὡς
1602 1943 1798 2013 ἔοικεν,
1824 1966 1867 1999 20

121 2033 351 2102 αἰσχρὸν
390 2029 530 2085 εἶναι
570 2032 824 2102 ἐφαίνετο
873 2033 1133 2101 τοιαύτην
1178 2035 1340 2101 νίκην
1386 2052 1443 2086 τε
1493 2032 1584 2086 καὶ
1631 2029 1800 2101 ἧτταν

119 2132 402 2190 περιορᾶν,
421 2119 511 2174 καὶ
535 2122 595 2174 τὸ
619 2129 841 2191 πρᾶγμα
863 2121 1163 2190 μετέθηκεν
1186 2118 1355 2174 οὐδὲν
1377 2121 1531 2190 ἡμῶν
1553 2140 1800 2191 πραγμα-

120 2210 490 2278 τευσαμένων·
523 2209 551 2262 ὁ
583 2211 685 2278 γὰρ
721 2210 788 2278 δὴ
821 2209 902 2262 ἀεὶ
928 2215 1087 2263 οἴνου
1119 2209 1300 2277 γέμων
1331 2209 1541 2273 ἐκεῖνος
1571 2209 1799 2274 ἐξέωστό

239 2374 264 2412 9
297 2367 518 2429 Κανδίὸῳ
550 2383 600 2412 or
630 2369 840 2412 XXXVII
870 2371 903 2413 t.
936 2369 977 2412 Π
1010 2374 1107 2423 330,
1137 2374 1190 2413 18
1215 2370 1338 2425 qu.

242 2521 263 2559 1
299 2516 345 2568 ἐς
374 2517 536 2601 ΛΟΡὲ
560 2533 606 2584 τε
638 2517 761 2560 inser
783 2517 847 2561 12³
868 2573 891 2592 ‚e
938 2521 963 2559 2
995 2516 1113 2571 πρὸς
1142 2515 1340 2592 ἑσπέραν
1371 2518 1511 2561 ΑΒΡ
1539 2517 1588 2560 in
1619 2531 1710 2591 fluo
1743 2534 1797 2590 γρ

120 2573 615 2693 ῗὲἒειῖσῗρῗςᾶᾒουῗ
634 2578 811 2691 εἲὲξῖῑΙ
829 2576 1068 2679 ἕῖἷωὲηέἶ
1098 2592 1284 2679 ιῑῗῖἔῐῖἒ
1313 2578 1430 2692 ξοει
1460 2577 1800 2691 ἄζτὸἓὲἴὲῧιὲἓ

122 2692 171 2734 in
195 2693 239 2736 L
299 2692 441 2749 ἄρτον
464 2694 637 2738 ΑΟΡΒ
662 2695 753 2738 edd
837 2699 862 2738 5
896 2692 955 2737 ἂν
978 2693 1151 2737 inserui
1176 2707 1201 2737 e
1220 2695 1263 2738 V
1348 2699 1373 2737 6
1406 2691 1470 2739 δι’
1493 2693 1517 2738 ὃ
1539 2695 1581 2737 V
1667 2699 1689 2736 7
1715 2693 1799 2750 μέν

122 2766 172 2807 γε
196 2752 240 2795 L
264 2755 311 2795 et
333 2770 388 2809 γρ
411 2753 513 2796 Mor
538 2753 587 2796 in
610 2766 744 2810 marg
770 2753 775 2811 Ι
801 2755 1044 2797 ποιεῖσθαι
1067 2753 1112 2796 Β
1220 2757 1274 2795 12
1307 2770 1333 2797 ν
1357 2753 1405 2795 in
1431 2753 1547 2809 ἐπῆν
1571 2765 1796 2809 suprascr.

125 2810 189 2854 GV
332 2815 386 2855 14
423 2811 546 2855 inter
583 2811 753 2869 ἤλγουν
792 2814 840 2856 et
871 2811 894 2855 ὁ
928 2810 978 2856 δὲ
1010 2812 1120 2854 Fen·
1149 2812 1199 2854 in
1229 2825 1363 2868 marg
1393 2811 1495 2855 Mor
1524 2812 1592 2855 Re
1623 2812 1801 2855 babenb

121 2867 262 2936 yerba
292 2870 499 2972 βέἒηθεῖνὲ
517 2871 576 2973 δὲ
601 2871 685 2914 οὐκ
717 2867 843 2929 εἶχον
875 2884 995 2926 quae
1027 2884 1052 2914 e
1082 2872 1213 2914 textu
1243 2871 1417 2914 removi
1520 2875 1573 2914 19
1607 2873 1636 2915 ὃ
1665 2870 1715 2913 in
1746 2871 1798 2914 δὲ

121 2942 172 2970 m
202 2941 276 2970 ras
452 2945 477 2972 τ
