2026 3168
670 129 897 173 LIBANII
927 127 1270 173 ORATIONES
1709 128 1812 181 135

136 266 165 320 6
204 267 300 330 τὰς
336 266 438 335 μὲν
465 263 701 333 Ἀθήνας
746 264 884 335 ἐμοί,
921 273 1041 328 ταῖς
1070 263 1327 332 Ἀθήναις
1373 265 1434 318 δὲ
1474 260 1565 333 ἐμὲ
1605 264 1811 332 διδούς,

126 354 390 422 κατέστην
430 350 535 407 οὖν
571 355 804 422 ἥκοντος
843 356 921 417 εἰς
958 355 1020 407 τὸ
1051 355 1286 422 βοηθεῖν
1318 351 1550 415 ἐκείνοις
1581 348 1660 406 ὧν
1691 352 1812 406 ἐδό-

126 463 264 497 κουν
317 444 614 511 δεήσεσθαι
664 445 908 512 βοηθῶν.
988 443 1108 495 107.
1160 442 1262 495 οὐκ
1312 439 1388 495 ἔτ’
1444 437 1548 495 οὖν
1595 441 1729 510 ἡμῖν
1779 442 1808 496 6

125 534 285 599 λόγος
308 533 482 600 μόνον
506 534 671 600 ἔργον
693 527 779 600 ἦν,
804 529 919 584 ἀλλ’
960 532 1072 584 ἔδει
1096 532 1199 600 τὴν
1222 527 1325 599 μὲν
1351 529 1560 600 ἡμέραν
1579 529 1585 600 Ι
1605 526 1746 582 εἶναι
1778 543 1820 586 Β,
1844 547 1898 585 74

126 622 321 688 λόγων,
367 622 468 689 τὴν
516 620 578 673 δὲ
625 618 860 691 ἑσπέραν
903 618 1176 691 πράξεων·
1227 620 1286 672 οἴ
1331 638 1388 672 τε
1435 620 1539 689 γὰρ
1588 619 1655 687 δὴ
1702 618 1809 672 ὑπὸ
1857 641 1876 673 5

126 708 520 778 δυνατωτέρων
559 708 916 778 ἀδικούμενοι
957 710 1016 762 οἵ
1050 728 1108 761 τε
1145 707 1262 761 κατ’
1299 707 1484 778 ὀργὴν
1515 706 1810 778 ἐγγεγραμ-

124 796 298 866 μένοι,
352 805 447 865 τῆς
501 796 668 867 ἀρχῆς
724 798 785 851 δὲ
839 799 916 861 εἰς
971 797 1292 867 ἀπαλλαγὴν
1345 799 1594 866 δεόμενοι
1646 797 1704 850 οἵ
1753 816 1810 850 τε

128 885 533 955 ἐπιθυμοῦντες
573 887 645 949 ὡς
683 888 908 956 τάχιστα
946 889 1139 956 ψήφου
1179 895 1370 956 τυχεῖν
1406 918 1480 924 -
1510 887 1716 949 πολλὰς
1755 884 1803 938 δ’

125 973 196 1027 ἂν
233 973 324 1027 καὶ
362 976 531 1038 ἄλλας
571 974 707 1044 ἀρχὴ
749 976 871 1043 δοίη
916 976 1139 1046 χάριτας
1178 975 1245 1028 οὐ
1293 979 1546 1028 λυποῦσα
1583 976 1682 1028 τὸν
1720 977 1811 1028 νό-

124 1083 233 1131 μον
270 1095 343 1100 -
382 1059 556 1132 οὗτοι,
597 1065 650 1116 οἱ
689 1061 790 1133 μὲν
829 1065 1004 1132 αὐτοί,
1051 1073 1163 1117 τῶν
1210 1061 1271 1117 δὲ
1317 1074 1590 1132 γυναῖκες,
1636 1062 1811 1133 ᾔτουν
1835 1085 1877 1117 10

125 1150 216 1204 καὶ
254 1152 392 1222 ὑπὲρ
433 1162 595 1220 σφῶν
634 1151 823 1205 ἐλθεῖν
862 1152 1050 1206 ἐκεῖσε.
1117 1153 1236 1205 108.
1277 1152 1380 1220 ἐγὼ
1422 1153 1484 1206 δὲ
1520 1152 1678 1223 μέχρι
1710 1153 1811 1222 μὲν

124 1242 461 1310 μεσημβρίας
506 1241 708 1294 ταύτὸν
754 1240 983 1294 ἐποίουν
1035 1251 1151 1304 τοῖς
1204 1243 1391 1304 ἄλλοις
1444 1242 1810 1310 διδασκάλοις,

126 1331 308 1382 ἔπειτα
360 1339 471 1382 τῶν
520 1326 622 1398 μὲν
669 1332 728 1382 οἱ
771 1327 874 1397 μὲν
924 1330 1098 1393 εὐθὺς
1147 1331 1404 1401 ἠρίστων,
1456 1331 1509 1384 οἱ
1565 1330 1642 1398 δέ,
1694 1328 1810 1383 ἐπεὶ

125 1418 436 1486 λούσαιντο,
484 1417 589 1486 ἐγὼ
638 1414 700 1470 δὲ
745 1415 816 1486 ἦν
866 1418 927 1471 ἐν
974 1411 1167 1489 οἷσπερ
1218 1421 1502 1488 πρότερον.
1579 1420 1811 1481 σκότους

126 1505 191 1559 δέ
223 1526 288 1575 με
327 1505 650 1569 ἀνιστάντος
690 1505 931 1576 ἐφοίτων
961 1508 1109 1578 παρὰ
1139 1508 1240 1561 τὸν
1272 1511 1442 1577 φίλον
1474 1506 1532 1560 ἐκ
1564 1508 1811 1578 γραμμά-
1835 1527 1877 1560 15

124 1614 237 1648 των
275 1597 342 1664 δή
382 1615 551 1648 τινων
590 1594 652 1648 ἐν
690 1603 755 1665 τῇ
794 1594 936 1666 χειρὶ
974 1595 1258 1665 κειμένων,
1294 1596 1300 1664 Ι
1334 1592 1472 1664 ὑπὲρ
1509 1590 1589 1648 ὧν
1620 1596 1750 1663 Υδεη-
1779 1609 1822 1652 R
1844 1613 1897 1652 75

125 1690 297 1752 θῆναι
336 1691 492 1754 χρῆν,
532 1683 1090 1753 ἀναμιμνησκόμενος.
1159 1684 1188 1738 6
1223 1684 1284 1736 δὲ
1314 1685 1380 1737 τὰ
1411 1684 1512 1752 μὲν
1544 1684 1811 1753 ἐπείθετο,

125 1773 191 1825 τὰ
223 1773 283 1825 δὲ
315 1773 382 1825 οὐ
413 1774 761 1841 πειθόμενος,
794 1773 866 1835 ὡς
899 1774 1001 1826 οὐκ
1033 1771 1141 1846 ἐςόη
1173 1773 1234 1825 τὸ
1261 1773 1496 1841 δίκαιον,
1529 1773 1812 1826 διδάσκων

127 1859 410 1929 ἐξέπεμπε,
455 1865 665 1928 μᾶλλον
713 1860 759 1913 δ’
817 1860 1068 1914 ἐκέλευεν
1114 1861 1407 1930 ἀναμένειν
1452 1863 1810 1930 λουσόμενον,

127 1951 199 2012 ὡς
250 1950 317 2002 οὐ
367 1956 441 2023 τῷ
487 1953 702 2022 λουτρῷ
747 1954 959 2018 μᾶλλον
1007 1949 1040 2018 ἢ
1091 1959 1155 2021 τῇ
1196 1949 1290 2020 ’μῇ
1337 1949 1445 2019 θέᾳ
1483 1949 1811 2019 δυναμένων
1833 1973 1876 2004 20

127 2038 272 2110 αὐτῷ
305 2042 670 2107 κουφίζεσθαι
710 2047 821 2091 τῶν
858 2041 1058 2092 πόνων.
1106 2038 1135 2091 ὃ
1177 2040 1244 2107 δὴ
1278 2038 1382 2107 ἐγὼ
1422 2040 1592 2106 γνοὺς
1632 2038 1810 2109 ἐχαρι-

129 2129 292 2196 ζόμην
339 2128 485 2199 αὐτῷ
532 2136 650 2190 ταῖς
696 2125 824 2179 καθ’
882 2127 1091 2198 ἡμέραν
1140 2129 1399 2195 εἰσόδοις,
1455 2127 1694 2195 ἀνάγκης
1748 2125 1809 2180 δὲ

245 2350 270 2389 3
302 2347 454 2390 αυτῶν
485 2349 591 2413 posb
618 2348 808 2405 βοηθῶν
832 2347 976 2390 Fert
964 2362 1013 2390 m
1036 2361 1181 2404 marg,
1209 2346 1426 2390 cancellis
1451 2346 1641 2390 inclusit
1671 2346 1771 2390 Mor
1798 2346 1803 2406 Ι

127 2402 167 2447 τ’
203 2404 253 2447 111
285 2406 369 2449 ουκ
402 2404 463 2450 ἔτ’
501 2405 550 2448 111
580 2419 655 2449 ras
690 2407 752 2451 0¹¹
835 2404 987 2450 οὐκέτ’
1017 2407 1155 2450 BVL
1283 2411 1308 2450 6
1349 2423 1383 2449 ω
1417 2406 1615 2449 alterum
1646 2405 1694 2448 111
1727 2408 1807 2450 δυ-

126 2462 393 2519 νατωτέρων
425 2465 474 2507 111
504 2479 579 2508 ras
611 2465 676 2509 P2
794 2470 847 2507 10
880 2465 924 2509 οἱ
957 2465 1039 2521 μὲν
1072 2465 1205 2509 αὐτοὶ
1235 2465 1285 2508 111
1316 2464 1486 2508 lacuna
1516 2465 1585 2510 Β2
1612 2468 1617 2521 Ι
1644 2464 1807 2520 ηἴτουν
1843 2489 1848 2493 -

127 2537 267 2578 supra
296 2523 437 2579 ηἴτων
472 2523 527 2568 0²
650 2528 703 2568 13
737 2541 761 2568 ο
793 2524 842 2566 111
872 2525 1025 2580 priore
1057 2523 1101 2568 οἱ
1132 2524 1181 2567 111
1212 2538 1287 2568 ras
1316 2523 1380 2567 P²
1503 2529 1556 2567 15
1589 2540 1613 2567 ο
1646 2524 1696 2566 111
1725 2524 1807 2567 τὸν

127 2581 177 2623 in
206 2595 280 2625 ras
314 2582 376 2625 Ρ2
514 2588 565 2626 17
601 2582 737 2657 ἐχρῆν
768 2584 879 2627 Fen·
913 2585 960 2627 et
991 2601 1059 2639 γρ.
1093 2583 1195 2627 Mor
1231 2583 1282 2626 in
1318 2596 1452 2640 marg
1494 2584 1499 2641 Ι
1549 2583 1807 2639 ἀναμιμνη-

129 2638 244 2696 σκόμ
246 2656 350 2685 ενον
368 2643 411 2684 V
497 2646 551 2685 18
583 2660 637 2699 γρ
643 2677 651 2685 .
686 2640 796 2702 ᾤετο
820 2643 957 2687 Mor
945 2658 994 2685 m
1017 2656 1150 2698 marg
1176 2643 1182 2700 Ι
1215 2643 1268 2687 τὸ
1293 2656 1368 2686 om
1391 2644 1435 2686 L
1528 2646 1581 2685 19
1615 2642 1666 2687 δὲ
1689 2643 1770 2686 VL
1798 2641 1803 2699 Ι

129 2697 332 2743 ἐκέλευεν
356 2699 501 2744 Cobet
523 2701 690 2745 Mnem.
694 2688 779 2744 ΙΠ
804 2706 888 2745 249
959 2700 1230 2746 ἐκολάκευεν
1262 2701 1371 2745 libri
1403 2701 1495 2744 edd
1563 2699 1807 2745 ἐκολάκευε

127 2756 270 2815 λέγων
303 2760 384 2802 aut
412 2760 610 2805 κελεύων
643 2761 746 2804 coni
777 2761 845 2804 Re
873 2762 879 2819 Ι
918 2760 1193 2818 ἀναβάλλειν
1234 2761 1411 2804 Sievers
1443 2775 1486 2816 p
1516 2765 1569 2803 72
1605 2762 1610 2814 Ι
1646 2758 1806 2803 λουσό-

127 2833 267 2873 μενον
292 2817 453 2873 scripsi
478 2833 582 2862 cum
607 2819 830 2863 Sieversio
856 2833 880 2863 e
906 2821 1005 2863 BV
1023 2822 1070 2862 et
1094 2833 1194 2863 corr
1217 2833 1242 2862 e
1265 2817 1537 2892 λουόμενον
1550 2818 1613 2862 122
1672 2818 1807 2862 λουό-

127 2891 266 2931 μενον
298 2877 432 2921 AOL
491 2878 605 2934 λούμ
608 2894 714 2923 ενον
746 2878 891 2922 Cobet
921 2878 1013 2921 1.1.
1136 2884 1190 2922 21
1225 2877 1248 2923 ὃ
1281 2878 1444 2934 scripsi
1512 2876 1542 2921 ἃ
1575 2877 1683 2920 libri
1715 2877 1807 2921 edd

128 2939 182 2977 22
215 2934 297 2986 τὰς
328 2961 383 2967 -
415 2895 626 2987 εἰσόδους
655 2938 722 2980 Re
753 2937 893 2980 Anim
935 2940 941 2994 Ι
983 2935 1257 2993 καθημέραν
1288 2938 1371 2981 VL
