2026 3168
160 854 342 922 VITA
381 853 680 922 LIBANII
719 852 1191 923 CONSORIPTA
1230 854 1331 923 AB
1370 853 1726 923 EUNAPIO.

214 1111 509 1174 Priusquam
555 1127 704 1174 opera
749 1114 859 1175 ipsa
897 1111 1095 1160 Libanii
1141 1112 1391 1174 accedam,
1436 1113 1595 1161 vitam
1638 1112 1785 1160 huius

104 1186 165 1235 ab
211 1186 437 1248 Eunapio
483 1186 720 1248 scriptore
766 1188 929 1234 aetate
980 1186 1178 1249 quidem
1224 1187 1430 1249 suppari
1475 1186 1561 1235 sed
1606 1201 1785 1248 parum

104 1260 367 1324 diligenter
404 1262 454 1307 et
491 1261 649 1323 magis
690 1276 748 1308 ex
779 1259 1032 1308 auditione
1063 1275 1152 1309 nec
1183 1260 1289 1309 sine
1318 1260 1509 1308 invidia
1539 1260 1785 1322 conscrip-

101 1336 206 1382 tam
236 1335 514 1395 praemitto,
546 1336 602 1381 ut
633 1334 879 1382 antecedit
915 1336 968 1382 in
998 1349 1179 1398 magna
1212 1334 1354 1396 copia
1386 1334 1608 1382 codicum
1639 1333 1784 1382 Liba·

101 1407 382 1468 nianorum,
435 1409 700 1469 postquam
747 1406 1036 1472 Georgius
1086 1407 1433 1470 Lacapenus
1479 1409 1682 1470 primuS,
1727 1410 1786 1456 ut

99 1481 310 1542 videtur,
342 1497 451 1529 eam
482 1482 682 1545 eclogae
722 1481 1119 1544 epistularum
1148 1481 1348 1530 Libanii
1387 1481 1449 1529 ab
1479 1482 1588 1544 ipso
1620 1481 1784 1530 factae

103 1549 445 1621 anteposuit.¹)

211 1629 286 1677 Ac
332 1629 520 1678 codices
569 1630 655 1691 qui
701 1643 811 1677 eam
859 1630 1150 1692 inscriptam
1199 1630 1302 1678 fere
1351 1627 1405 1678 ἐκ
1453 1621 1539 1678 Ᾰτοῦ
1590 1628 1785 1694 βιβλίου

100 1709 187 1752 τοῦ
218 1699 634 1768 ἐπιγεγραμμένου
664 1702 767 1767 βίοι
797 1710 1045 1766 σοφιστῶν
1076 1706 1191 1752 ante
1221 1704 1348 1752 hanc
1378 1704 1616 1767 praebent
1646 1705 1784 1752 sunt:

210 1776 482 1826 Vaticanus
522 1793 592 1841 gr.
629 1778 731 1825 113
772 1777 857 1825 fol.
892 1779 956 1825 91
1000 1792 1122 1826 saec.
1154 1777 1247 1824 XV

212 1850 485 1900 Vaticanus
510 1867 581 1914 gr.
610 1852 750 1899 2243
779 1844 1142 1917 (Columnensis
1168 1844 1261 1917 82)
1287 1851 1369 1899 fol.
1402 1852 1431 1898 2
1466 1866 1588 1899 saec.
1612 1843 1783 1917 X1V2)

213 1923 485 1972 Vaticanus
525 1941 596 1987 gr.
633 1925 772 1972 1588
811 1925 895 1973 fol.
933 1926 1034 1973 196
1077 1940 1199 1973 saec.
1231 1924 1324 1972 XV

215 1997 486 2046 Vaticanus
525 1997 784 2047 Palatinus
823 2015 894 2062 gr.
930 2000 1032 2047 209
1074 1999 1159 2046 fol.
1195 1999 1260 2046 75
1302 2013 1425 2047 saec.
1456 1997 1549 2046 XV

213 2071 515 2119 Barberinus
552 2071 604 2118 H
645 2073 714 2120 60
752 2072 836 2120 fol.
871 2074 939 2121 46
980 2087 1104 2121 saec.
1136 2071 1229 2119 XV

213 2145 573 2208 Neapolitanus
612 2145 690 2193 ΠΙ
727 2146 774 2193 A
808 2149 871 2194 11
910 2138 1064 2212 (214)
1105 2146 1188 2194 fol.
1225 2147 1251 2194 1
1295 2161 1419 2195 saec.
1449 2145 1567 2193 XVI

211 2219 503 2267 Mutinensis
542 2219 619 2267 HI
657 2219 699 2267 B
734 2221 763 2267 3
806 2212 940 2287 (LV)
980 2220 1063 2269 fol.
1097 2221 1164 2268 82
1206 2235 1328 2269 saec.
1361 2219 1479 2267 XIV

210 2292 573 2341 Laurentianus
611 2292 744 2341 LXX
778 2295 843 2342 13
883 2294 966 2342 fol.
1003 2296 1030 2341 1
1073 2308 1196 2342 saec.
1229 2293 1320 2341 XV

210 2367 520 2415 Burneianus
562 2368 627 2415 75
669 2367 753 2415 fol.
789 2369 816 2415 1
859 2382 982 2416 saec.
1014 2367 1106 2414 XV

133 2435 143 2449 ‘
209 2440 514 2502 Upsaliensis
554 2457 624 2505 gr.
657 2440 872 2488 XXVIII
909 2441 992 2490 fol.
1030 2442 1095 2489 75
1182 2456 1305 2490 saec.
1336 2441 1428 2488 XV

195 2597 263 2663 ·1)
296 2594 361 2663 Cf.
394 2595 463 2639 De
486 2596 681 2665 Libanii·
703 2596 835 2640 libris
866 2596 1196 2664 manuscriptis
1220 2596 1574 2653 Upsaliensibus
1606 2598 1654 2640 et
1676 2595 1784 2639 Lin-

103 2653 1786 2780 gsslssssssfflffsffissffla}{2⁷11&aosssszulssailsspffiiffssff’sfffssssz

100 2771 287 2829 utgifna
305 2771 358 2814 af
369 2773 422 2816 K.
440 2773 797 2840 IJIumanistiska
806 2772 1398 2830 Vetenskaps-Samfundet
1421 2773 1438 2817 i
1454 2773 1631 2830 Upsala
1643 2773 1706 2817 VI
1722 2775 1782 2831 2).

101 2829 307 2886 Upsalae
339 2833 386 2874 et
416 2831 602 2888 Lipsiae
637 2836 750 2876 1898
782 2847 827 2888 p.
854 2837 909 2876 20
942 2847 1008 2888 sq.

220 2891 264 2946 2)
302 2889 355 2932 In
391 2890 480 2934 hoc
520 2891 679 2934 codice
719 2905 858 2947 quem
895 2891 1020 2934 infra
1059 2891 1144 2935 sub
1183 2904 1373 2936 numero
1415 2896 1470 2935 34
1507 2890 1781 2944 describam,

102 2946 314 3003 epistulis
347 2949 583 2993 antecedit
613 2949 776 3008 ecloga
807 2951 1071 2995 orationum
1103 2952 1151 2995 et
1180 2951 1652 3009 progymnasmatum.

190 3029 220 3060 L
225 3037 430 3063 mmmmm
433 3031 468 3063 d.
491 3031 729 3064 Foerster.
1492 3029 1512 3067 1
