2026 3168
160 152 267 205 306
702 150 930 194 LIBANII
962 148 1303 194 ORATIONES

157 294 314 350 θεοῖς
365 287 538 355 ὕμνος
591 289 824 356 χρυσίου
879 289 1303 355 προκεκρίσθαι,
1358 287 1406 339 εἰ
1452 287 1519 355 δὴ
1566 287 1656 339 καὶ
1704 285 1844 356 ἀνὴρ

68 390 217 433 R226
250 376 461 444 ἀγαθὸς
505 376 669 443 τήνδε
716 375 785 428 ἂν
830 381 986 428 θεῖτο
1022 373 1029 446 Ι
1063 375 1185 444 περὶ
1232 375 1456 428 τούτοιν
1493 376 1594 444 τὴν
1635 383 1845 445 ψῆφον,

159 467 483 534 σεμνότερος
513 465 688 536 τούτῳ
719 467 930 533 μᾶλλον
961 463 993 532 ἢ
1019 462 1204 536 ’κείνῳ
1236 466 1572 532 γιγνόμενος.
1620 465 1668 517 3.
1696 465 1845 534 ἀμει-

157 556 374 621 βόμεθα
414 553 481 620 δὴ
522 554 797 622 σωτηρίαν
836 554 1007 624 λόγῳ,
1056 553 1253 605 δοῦναι
1292 549 1353 604 δὲ
1390 554 1463 622 μὴ
1502 560 1600 606 τοῦ
1639 555 1843 616 παντὸς

114 664 134 696 5
159 642 421 711 ἁμαρτεῖν
453 640 514 693 έν
544 647 619 713 τῷ
646 643 789 712 λόγῳ
821 649 916 709 τῆς
946 639 1037 693 καὶ
1068 641 1130 694 τὸ
1163 643 1243 693 ἔτι
1276 637 1418 694 εἶναι
1450 642 1653 710 δούσης
1684 647 1844 710 θεοῦ,

158 733 349 799 λαβεῖν
400 727 459 782 δὲ
512 730 648 800 αὐτῇ
699 738 864 783 τοῦτο
914 731 1061 799 παρὰ
1111 737 1211 782 τοῦ
1262 729 1607 799 μουσηγέτου
1646 751 1703 783 τε
1751 732 1842 784 καὶ

159 820 405 888 ἀδελφοῦ
445 817 657 889 ῥᾴδιον.

267 907 317 960 4.
342 905 586 977 Ἄρτεμις
621 908 762 970 Διὸς
799 906 891 960 καὶ
932 903 1149 975 Λητοῦς
1187 908 1464 977 θυγάτηρ,
1504 909 1708 977 πατρὸς
1745 908 1847 975 μὲν

155 1003 254 1048 τοῦ
306 998 567 1065 μεγίστου
618 1006 728 1049 τῶν
778 1002 948 1068 θεῶν,
1000 998 1204 1066 μητρὸς
1254 995 1341 1064 δέ,
1390 997 1462 1065 ἣν
1507 995 1718 1060 ἐκεῖνος
1768 998 1847 1059 εἰς

92 1108 133 1139 10
157 1086 412 1148 τοιαύτας
457 1083 732 1148 ἐξελέξατο
780 1086 973 1154 γονάς,
1014 1088 1208 1154 Δήλου
1256 1082 1317 1138 δὲ
1365 1074 1707 1154 ἀνασχούσης
1752 1083 1844 1137 καὶ

158 1176 454 1243 σταθείσης
491 1193 548 1226 τε
586 1174 676 1226 καὶ
716 1175 988 1243 στησάσης
1022 1175 1124 1242 τὴν
1157 1175 1318 1243 Λητὼ
1357 1173 1704 1244 προεκτρέχει
1742 1170 1846 1242 μὲν

155 1263 188 1331 ἡ
214 1261 466 1333 ’Ἄρτεμις
512 1270 610 1315 τοῦ
640 1261 1004 1331 Ἀπόλλωνος,
1050 1265 1250 1331 βοηθεῖ
1295 1260 1356 1315 δὲ
1394 1271 1458 1332 τῇ
1505 1263 1666 1333 μητρὶ
1706 1263 1846 1333 πρὸς

155 1353 216 1404 τὸ
255 1351 342 1405 καὶ
384 1352 485 1405 τὸν
514 1350 752 1405 Ἀπόλλω
799 1361 991 1405 τεκεῖν.
1068 1351 1116 1404 5.
1164 1353 1336 1405 καλὸν
1383 1349 1485 1419 μὲν
1532 1353 1599 1420 δὴ
1645 1350 1737 1405 καὶ
1783 1353 1845 1404 τὸ

157 1439 495 1509 ἐκτραφέντα
534 1443 713 1512 χρόνῳ
751 1441 989 1511 ὕστερον
1028 1440 1265 1494 ἐκτίνειν
1302 1449 1532 1510 τροφεῖα
1568 1448 1843 1508 τοκεῦσιν,

91 1551 133 1583 15
161 1529 194 1596 ἡ
236 1525 297 1581 δὲ
348 1530 455 1596 ἅμα
493 1548 551 1581 τε
601 1528 846 1598 ἐγεγόνει
893 1529 986 1582 καὶ
1034 1531 1287 1598 ἠμείβετο
1335 1530 1437 1598 τὴν
1474 1536 1743 1582 τεκοῦσαν
1783 1528 1845 1581 ἐν

157 1623 327 1690 καιρῷ
353 1617 586 1686 μάλιστα
618 1619 686 1687 δὴ
719 1618 960 1690 δεομένῳ
991 1619 1226 1686 βοηθοῦ.
1277 1618 1412 1671 ὥστε
1444 1616 1533 1670 καὶ
1565 1612 1645 1670 ὧν
1657 1616 1844 1670 Ἀπόλ-

157 1710 271 1759 λων
303 1711 478 1769 αἴτιος
517 1706 749 1774 ἀγαθῶν
782 1707 1118 1776 ἀνθρώποις,
1159 1705 1491 1776 ἀμφοτέροις
1531 1706 1713 1759 ἰστέον
1751 1707 1844 1775 χά-

156 1815 265 1864 ριν,
312 1801 388 1866 τῷ
434 1815 492 1848 τε
539 1794 726 1864 ἐπειδὴ
776 1794 991 1862 ἐγένετο
1040 1796 1196 1848 δόντι
1241 1803 1306 1865 τῇ
1353 1814 1410 1847 τε
1457 1793 1844 1863 μαιευσαμένῃ.

269 1884 316 1935 6.
358 1883 467 1936 Καὶ
508 1885 582 1947 ὡς
620 1881 721 1953 μὲν
751 1885 841 1937 καὶ
881 1884 1055 1946 εὐθὺς
1094 1882 1155 1936 ἐν
1185 1891 1302 1946 ταῖς
1341 1884 1581 1952 πρώταις
1618 1881 1845 1952 ἡμέραις

89 1995 132 2026 20
157 1970 511 2042 ἀνδρειοτέρα
549 1968 619 2041 ἧν
658 1979 756 2025 τοῦ
786 1971 1125 2035 Ἀπόλλωνος
1162 1973 1298 2042 πρὸς
1335 1974 1401 2025 τὰ
1449 1971 1507 2024 ἐκ
1546 1979 1641 2039 τῆς
1667 1968 1843 2039 ’Ἠρας

156 2063 399 2129 δείματα,
440 2060 581 2113 ὅθεν
625 2062 691 2129 δὴ
730 2060 818 2114 καὶ
861 2061 1099 2130 ὀνόματα
1138 2069 1202 2132 τῇ
1245 2059 1346 2128 μὲν
1370 2060 1634 2131 Ἄρτεμιν,
1673 2066 1747 2131 τῷ
1781 2060 1844 2112 δὲ

156 2149 418 2218 γενέσθαι
467 2147 693 2217 Λοξίαν,
750 2151 908 2202 ταυτὶ
957 2146 1058 2219 μὲν
1109 2147 1313 2219 ἑτέροις
1364 2148 1520 2219 ᾄδειν
1571 2148 1840 2217 ἀφείσθω.

159 2240 205 2290 7.
252 2240 497 2306 γίγνεται
545 2238 606 2291 δὲ
654 2239 790 2308 αὐτῇ
839 2237 1106 2307 γενομένῃ
1147 2239 1294 2309 παρὰ
1333 2246 1428 2306 τῆς
1469 2240 1578 2306 Γῆς
1616 2235 1743 2300 τόξα
1783 2255 1840 2288 τε

154 2326 245 2378 καὶ
283 2325 413 2394 βέλη
462 2328 612 2396 δῶρα
657 2325 748 2379 καὶ
794 2328 854 2379 τὸ
903 2327 1077 2389 εὐθὺς
1124 2325 1450 2379 ἐπίστασθαι
1488 2328 1589 2394 τὴν
1626 2325 1839 2393 τέχνην,

87 2435 131 2467 25
155 2412 357 2482 ἔλαφοί
391 2434 446 2466 τε
488 2413 695 2476 εὐθέως
731 2413 1042 2483 ἐφαίνοντο,
1079 2415 1226 2485 παρὰ
1257 2422 1351 2483 τῆς
1384 2416 1510 2482 Γῆς,
1543 2408 1710 2481 οἶμαι,
1748 2411 1839 2465 καὶ

274 2579 328 2618 12
363 2574 619 2632 [ΑροΙΙοᾶ.]
651 2574 763 2617 bibl.
796 2574 815 2616 I
841 2579 880 2626 4,
910 2579 946 2616 1.
998 2574 1117 2618 Serv.
1153 2574 1211 2617 ad
1236 2574 1349 2617 Aen.
1381 2573 1445 2616 III
1471 2578 1536 2618 73.
1573 2573 1653 2616 ecl.
1680 2572 1742 2615 IV
1771 2576 1837 2615 10.

216 2638 271 2676 20
305 2632 370 2676 Cf.
403 2633 538 2676 Paus.
571 2633 613 2675 ΙΙ
641 2638 678 2687 7,
708 2638 743 2676 7.
809 2633 997 2676 Lemma
1027 2633 1167 2677 Anth.
1201 2633 1297 2676 Pal.
1331 2633 1393 2675 III
1426 2637 1451 2675 6
1516 2634 1575 2652 Χ

274 2784 298 2822 2
331 2782 468 2823 θοῖτο
501 2780 568 2823 Re
713 2785 737 2823 3
769 2781 914 2839 τούτῳ
948 2794 1022 2823 om
1056 2783 1117 2824 M
1140 2781 1146 2835 Ι
1174 2779 1415 2837 γινόμενος
1441 2780 1509 2836 VI
1537 2778 1837 2837 ἀμειβώμεθα

155 2838 269 2892 Mor,
316 2837 512 2882 fortasse
557 2841 682 2882 reete
855 2844 879 2882 6
919 2856 966 2883 τε
1013 2853 1087 2882 0111
1121 2841 1230 2883 ΒΜ
1401 2843 1452 2881 12
1493 2838 1522 2894 ἡ
1571 2852 1645 2881 om
1677 2837 1778 2880 Mor

158 2902 212 2939 14
243 2895 394 2956 χρόνῳ
427 2911 500 2940 om
533 2899 568 2940 I
691 2902 743 2940 16
778 2896 999 2953 δεομένου
1032 2900 1077 2942 Β
1207 2903 1259 2941 19
1292 2898 1371 2941 καὶ
1403 2897 1600 2941 alterum
1633 2911 1707 2940 om
1742 2897 1785 2940 V

156 2960 210 2997 22
245 2955 377 2999 ἄδειν
409 2955 580 3010 ἑτέροις
609 2957 750 3001 IBM
868 2962 921 2999 23
956 2955 1131 3014 γίνεται
1174 2958 1244 3001 VI
