2026 3168
688 100 915 145 LIBANH
947 99 1287 145 ORATIONES
1807 100 1835 152 7

158 239 184 292 ὃ
223 242 400 301 πάντες
440 240 492 290 οἷ
525 241 887 307 Συροφοίνικες
925 239 1087 305 ἔχουσι
1124 238 1246 288 κατὰ
1283 238 1374 304 τὴν
1412 238 1588 303 κοινὴν
1626 238 1840 298 ἔντευξιν

157 314 254 381 ἡδὺ
292 314 376 364 καὶ
413 313 774 381 κεχαρισμένον,
813 321 954 363 τοῦτο
993 307 1109 380 παρ’
1137 312 1328 363 ἐκείνου
1367 314 1532 379 λαβεῖν
1571 312 1688 378 μετὰ
1727 332 1840 362 παι-

157 390 288 449 δείας
330 388 523 448 ἔξεστιν.
607 389 659 438 οἱ
698 386 787 452 μὲν
829 381 921 438 οὗν
950 382 1157 436 Ἀττικοὶ
1201 395 1423 453 μυκτῆρα
1465 385 1548 436 καὶ
1583 385 1840 452 ἀστεϊσμὸν

156 462 275 514 αὐτὸ
314 466 564 527 καλοῦσιν,
608 459 633 511 ὅ
674 459 725 511 δὲ
764 461 922 525 ὥσπερ
961 460 1192 527 κορυφὴν
1230 461 1453 521 παιδείας
1490 468 1632 511 τοῦτο
1673 459 1840 526 ἐπετή-

158 537 328 587 δευσεν
374 535 428 586 ἐκ
473 543 560 601 τῆς
604 534 806 602 ἀρχαίας
851 535 1112 606 κωμῳδίας
1158 535 1269 595 ὅλος
1314 535 1383 595 εἰς
1428 535 1481 586 τὸ
1525 533 1841 601 ἀπαγγέλλειν

155 608 469 674 εἷλκυσμένος
507 608 589 659 καὶ
628 617 715 659 τοῦ
762 608 883 659 κατὰ
927 610 1094 676 θύραν
1140 616 1350 676 τερπνοῦ
1396 607 1478 658 καὶ
1522 609 1842 675 γοητεύοντος

158 683 249 749 τὴν
288 682 446 749 ἀκοὴν
484 683 758 750 γενόμενος.
839 687 920 732 11.
961 683 1184 743 παιδείας
1215 681 1268 733 δὲ
1300 682 1577 749 ὑπερβολὴν
1608 681 1691 732 καὶ
1721 681 1842 732 ἀνα-

158 758 383 824 γνώσεώς
414 757 543 807 ἐστιν
574 756 734 824 εὑρεῖν
766 756 819 807 ἐν
850 762 951 817 τοῖς
981 757 1143 823 λόγοις
1174 755 1324 817 λέξεσι
1361 755 1843 823 κατεγλωττισμέναις

158 832 528 898 ἐντυγχάνοντα.
609 831 667 880 τὰ
704 839 827 898 γοῦν
858 830 1140 891 Εὐπόλιδος
1179 829 1373 898 δένδρα,
1407 831 1722 880 Λαισποδίαν
1760 830 1842 880 καὶ

158 906 436 970 Δαμασίαν,
476 905 567 955 οὐκ
606 903 668 954 ἂν
705 913 941 972 παρῆκεν,
990 905 1036 955 εἰ
1070 904 1128 954 τὰ
1167 902 1382 970 ὀνόματα
1420 904 1543 971 ἔγνω
1589 912 1686 954 τῶν
1732 903 1841 955 δέν-

160 980 292 1046 δρων
332 974 406 1039 οἷς
444 987 540 1029 νῦν
579 978 703 1029 αὐτὰ
740 983 974 1029 καλοῦσιν
1006 979 1058 1029 οἱ
1060 976 1358 1072 άνθρωποι.
1432 981 1513 1028 12.
1554 979 1682 1028 οὕτω
1713 977 1842 1039 λέξιν

156 1053 316 1119 εὑρών
361 1072 470 1103 τινα
515 1053 743 1120 περιττὴν
789 1051 871 1103 καὶ
916 1047 1002 1102 ὑπ’
1047 1051 1361 1120 ἀρχαιότητος
1408 1053 1842 1103 διαλανθάνουσαν

158 1126 224 1187 ὡς
269 1126 510 1192 ἀνάθημά
554 1146 599 1176 τι
645 1127 854 1178 παλαιὸν
903 1128 1161 1194 καθαίρων
1211 1127 1281 1187 εἰς
1331 1125 1479 1191 μέσον
1528 1145 1575 1176 τε
1624 1119 1711 1193 ’ἦγε
1760 1126 1843 1176 καὶ

160 1201 470 1267 διακαθήρας
500 1200 819 1261 ἐκαλλώπιζεν
850 1199 1093 1250 ὑπόθεσίν
1124 1220 1172 1251 τε
1203 1200 1327 1269 αὐτῇ
1361 1201 1690 1268 περιπλάττων
1722 1200 1842 1266 ὅλην

156 1274 239 1324 καὶ
279 1275 501 1334 διανοίας
548 1273 923 1334 ἀκολουθούσας
970 1274 1128 1366 ὥσπερ
1175 1275 1331 1342 άβρας
1376 1293 1511 1335 τινας
1561 1273 1642 1324 καὶ
1691 1279 1841 1341 θερα-

157 1349 338 1408 παίνας
399 1349 634 1417 δεσποίνῃ
694 1349 973 1440 νεοπλούτῳ
1038 1347 1120 1398 καὶ
1188 1347 1240 1398 τὸ
1309 1357 1463 1415 γῆρας
1530 1347 1841 1417 ἀπεξεσμένῃ.

162 1425 244 1472 13.
292 1421 541 1486 ἐθαύμασε
581 1420 670 1486 μὲν
709 1415 801 1472 οὖν
840 1421 990 1473 αὐτὸν
1029 1421 1107 1472 ἐπὶ
1154 1423 1343 1482 τούτοις
1389 1421 1470 1471 καὶ
1518 1420 1543 1471 ὅ
1590 1422 1843 1482 θειότατος

154 1491 446 1560 Ἰουλιανός,
498 1495 748 1561 ἐθαύμασε
795 1494 848 1546 δὲ
886 1495 968 1546 και
1008 1496 1125 1547 ὅσον
1163 1495 1485 1563 ἀνθρώπινον
1523 1496 1613 1561 τὴν
1651 1495 1704 1547 ἐν
1742 1500 1842 1556 τοῖς

158 1569 320 1637 λόγοις
351 1570 505 1636 χάριν.
567 1569 650 1619 καὶ
686 1570 886 1620 πλεῖστά
923 1589 975 1636 γε
1007 1570 1159 1620 αὐτοῦ
1191 1569 1509 1637 περιφέρουσι
1539 1571 1721 1636 βιβλία,
1760 1569 1842 1619 καὶ

159 1642 185 1693 ὅ
216 1651 341 1694 νοῦν
372 1643 493 1710 ἔχων
524 1643 878 1711 ἀναλεγόμενος
910 1643 1111 1695 ἕκαστον
1142 1643 1307 1694 αὐτῶν
1345 1645 1531 1694 εἴσεται.
1613 1648 1694 1693 14.
1735 1644 1840 1694 ἵκα-

155 1717 243 1778 νὸς
282 1715 334 1767 δὲ
374 1711 437 1782 ἧν
475 1717 558 1767 καὶ
596 1722 864 1778 πολιτικοῖς
903 1716 1131 1784 ὁμιλῆσαι
1169 1719 1418 1785 πράγμασι
1453 1717 1534 1767 καὶ
1565 1718 1696 1784 παρὰ
1726 1718 1842 1777 τοὺς

158 1792 335 1858 λόγους
374 1790 508 1858 ἕτερά
544 1810 654 1841 τινα
693 1795 1022 1857 συντολμῆσαι
1060 1791 1142 1841 καὶ
1181 1793 1534 1861 ρἀδιουργῆσαι
1567 1792 1637 1851 εἰς
1667 1790 1841 1859 τέρψιν

158 1864 558 1932 θεατρικωτέραν.
639 1868 720 1916 15.
771 1874 868 1915 τῶν
908 1864 960 1915 δὲ
1000 1866 1132 1931 μετὰ.
1154 1874 1304 1915 ταῦτα
1342 1864 1580 1931 βασιλέων
1617 1865 1699 1915 καὶ
1744 1874 1841 1915 τῶν

158 1937 443 2003 ἀξιωμάτων
475 1938 528 1988 τὸ
562 1938 785 2006 μέγιστον
816 1939 946 2008 αὐτῷ
973 1939 1307 2006 προσθέντων,
1339 1940 1423 1990 τὸν
1454 1939 1544 2007 γὰρ
1576 1947 1663 2004 τῆς
1686 1939 1841 2005 αὐλῆς

158 2011 369 2079 ἔπαρχον
416 2011 551 2078 μέχρι
596 2012 928 2079 προσηγορίας
971 2013 1093 2079 ἔχειν
1143 2012 1382 2078 ἐκέλευον,
1437 2013 1528 2063 οὐκ
1578 2012 1838 2073 ἀπεδέξατο

278 2205 303 2243 3
352 2199 622 2258 &ssslszwubv
662 2200 707 2243 A
769 2199 826 2243 cf.
869 2198 1140 2253 Schneider,
1183 2199 1379 2244 Pericul.
1421 2199 1520 2243 orit.
1564 2199 1613 2243 in
1651 2199 1838 2244 Anthol.

156 2274 200 2315 p.
230 2263 314 2302 124
470 2257 712 2316 γινόμενος
742 2259 787 2302 Α
886 2263 911 2302 9
945 2257 1239 2303 Λαισποδίαν
1272 2273 1383 2303 corr.
1402 2258 1615 2303 Valesius
1646 2258 1838 2303 Emend.

160 2317 224 2361 HI
259 2322 313 2362 18
345 2317 448 2362 coll
482 2317 585 2374 Eup
589 2317 646 2361 01.
679 2317 733 2360 fr.
767 2317 809 2360 Π
839 2322 925 2361 475
957 2317 1096 2362 Mein.
1129 2318 1150 2360 I
1179 2334 1224 2375 p.
1252 2323 1338 2362 284
1370 2317 1513 2362 Kock.
1552 2319 1661 2363 ταδὶ
1700 2319 1751 2362 δὲ
1782 2317 1840 2361 τὰ

158 2375 332 2431 δένδρα
355 2333 646 2428 Λαισποδίας
676 2377 755 2420 καὶ
772 2374 1017 2432 Δαμασίας
1040 2378 1226 2421 αὐταῖσι
1248 2385 1350 2428 ταῖς
1374 2377 1621 2434 κνήμαισιν
1645 2377 1839 2421 ἀκολου-

157 2434 300 2480 θοῦσί
330 2452 408 2493 μοι
440 2435 607 2509 (Schol.
643 2436 703 2479 ad
734 2436 810 2479 Ar
836 2437 916 2479 Av.
953 2438 1084 2492 1569)
1117 2438 1164 2480 et
1194 2436 1316 2480 Plut.
1343 2435 1528 2489 Quaest.
1562 2436 1736 2480 conviv.
1756 2435 1850 2479 VI}

158 2498 184 2537 3
215 2510 260 2551 p.
289 2499 371 2539 712
404 2496 445 2538 Α
477 2493 629 2550 δεήσει
661 2494 977 2567 γραμματικὸν
1010 2494 1182 2554 ἑκάστῳ
1213 2495 1264 2539 τὸ
1297 2492 1412 2539 καθ’
1444 2494 1634 2540 ἕκαστον
1667 2495 1840 2552 ἐξηγεῖ-

158 2556 288 2609 σθαι,
311 2551 382 2604 τίς
405 2553 430 2598 ὁ
453 2551 747 2604 Λαισποδίας
768 2570 864 2610 παρ
871 2551 1126 2599 Ἐὐπόλιδι
1201 2559 1255 2598 10
1280 2552 1533 2599 δεσποσίαν
1557 2556 1602 2599 A
1664 2557 1839 2599 δεσπω-

156 2610 264 2656 σίαν
294 2614 338 2657 L
451 2618 502 2657 11
537 2609 671 2663 οὗτος
700 2613 747 2656 A
863 2618 914 2656 12
948 2610 1034 2669 ὑφ’
1062 2612 1318 2686 ἁπλότητος
1347 2614 1390 2657 L
1507 2618 1559 2658 13
1591 2611 1839 2669 καθαίρων

157 2673 427 2728 corruptum
457 2671 651 2716 videtur.
684 2687 795 2715 num
829 2670 1004 2727 ocl'pmv‘?
1098 2677 1150 2716 17
1182 2670 1443 2746 θειότατος]
1479 2673 1691 2731 βασιλεὺς
1713 2673 1757 2716 L

159 2733 213 2773 18
237 2738 336 2782 τοῖς
359 2745 446 2774 om.
466 2731 511 2775 L
593 2735 649 2774 22
673 2731 852 2786 πρὸςΑ
935 2735 991 2773 24
1016 2731 1096 2775 τὸῖ
1170 2736 1225 2775 25
1250 2748 1403 2789 υπαρχ
1406 2731 1520 2776 ovL
1547 2732 1553 2789 Ι
1581 2730 1837 2784 ἀπεδέξατο

157 2789 322 2862 scripsi
365 2789 469 2833 coll.
510 2789 608 2833 Lib.
651 2790 769 2846 πρὸς
806 2790 914 2840 τους
952 2790 1100 2864 βαρυν
1140 2791 1284 2835 αὐτὸν
1315 2749 1597 2841 καλέσαντας
1626 2790 1647 2832 Ι
1681 2793 1778 2845 174,
1812 2796 1835 2832 1

156 2844 201 2890 τί
232 2855 379 2892 ταῦτα
409 2847 547 2904 λέγω;
592 2847 740 2921 λέγειν
774 2848 888 2906 ἔχων
919 2865 971 2892 το
1003 2857 1313 2906 γραμματεῖον
1346 2850 1493 2894 ἐκεῖνο
1535 2847 1559 2893 ὃ
1599 2847 1837 2893 διεωσά-

156 2921 275 2962 μην,
308 2904 432 2958 ὅπως
463 2906 523 2964 μὴ
555 2906 826 2963 σεμνότερος
856 2910 1134 2965 γεγενῆσθαι
1166 2907 1416 2964 δόξαιμι..
1439 2943 1475 2952 ..
1511 2907 1623 2953 οὐδέ
1653 2923 1702 2964 γε
1726 2906 1837 2965 ἡγη·

1867 923 1908 956 10

1866 1292 1908 1326 15

1866 1663 1910 1695 20

1864 2030 1906 2064 25
