2026 3168
674 148 902 192 LIBANH
932 146 1272 192 ORATIONES
1744 148 1814 200 93

133 286 232 338 τὸν
277 284 378 354 μὲν
424 286 591 337 ἔνθεν
636 282 728 336 καὶ
774 286 942 336 ἔνθεν
988 281 1251 346 ἐπάταξεν
1297 283 1660 350 ἀσελγαίνων,
1714 283 1815 335 οὐκ

135 374 492 442 ἀμυνόμενος,
526 370 646 439 ἐμοὶ
678 373 740 426 δὲ
770 369 903 425 οὐδὲ
934 370 1284 439 ἀντέβλεψεν,
1317 370 1550 424 ἐδόκουν
1581 372 1643 424 δὲ
1674 371 1816 440 ὅμως

135 462 439 531 ἠδικῆσθαι
474 467 550 533 τῷ
591 460 650 513 ἐν
690 460 838 529 ἐμοῖς
875 462 942 513 τὰ
983 466 1210 512 τοιαῦτα
1250 457 1257 530 Ι
1312 458 1624 528 ὀφθαλμοῖς
1668 478 1751 512 τε-
1789 471 1904 514 R18

135 553 457 618 τολμῆσθαι.
534 550 619 602 22.
675 550 849 612 οὕτως
887 550 1120 610 ἅπαντες
1166 549 1408 610 ἅπαντας
1452 546 1644 617 ἠξίουν
1683 546 1816 616 ἐμοῦ

133 640 407 709 παρόντος
453 647 769 709 σωφρονεῖν
814 644 914 691 τοῦ
961 656 1024 705 γε
1070 633 1203 690 οὐδὲ
1251 638 1488 707 σφαίρας
1516 635 1815 705 Ἀθήνησιν

135 727 486 781 οὐδεπώποτε
510 725 796 796 ἁψαμένου
821 727 1089 779 τοσοῦτόν
1112 726 1240 794 <τε>
1272 725 1607 795 ἀποσχόντος
1630 725 1818 792 κώμου

134 835 192 868 τε
223 815 314 869 καὶ
346 817 637 878 κοινωνίας
668 824 780 867 τῶν
812 814 872 868 ἐν
902 813 1063 878 νυξὶν
1093 813 1180 867 ἐπὶ
1212 815 1306 876 τὰς
1337 823 1449 867 τῶν
1479 812 1819 884 πενεστέρων

134 904 525 975 πορευομένων
564 905 760 967 οἰκίας·
817 903 932 957 ἐπεὶ
970 903 1060 957 καὶ
1099 904 1356 971 Σκύλλης
1401 903 1640 972 κεφαλὰς
1687 901 1722 971 ἢ
1771 904 1818 955 εἰ

133 994 326 1060 βούλει
366 1013 444 1062 γε,
483 995 775 1063 Σειρήνων
813 991 1124 1063 δεινοτέρας
1162 993 1426 1060 γείτονας,
1470 991 1686 1061 ἑταίρας
1730 1011 1819 1061 με-

136 1083 437 1153 λῳδούσας,
477 1085 538 1134 αἳ
574 1083 815 1144 πολλοὺς
860 1079 1142 1150 ἐξέδυσαν,
1187 1081 1364 1149 μάτην
1410 1078 1650 1151 ᾀδούσας
1695 1079 1820 1134 ἀπέ-

133 1190 301 1239 φηνα.

248 1259 334 1311 23.
367 1257 511 1312 Ἀλλ’
550 1259 688 1311 ὅθεν
728 1256 935 1327 ἐξέβην,
975 1258 1200 1311 ἐκείνων
1237 1277 1299 1325 γε
1329 1266 1440 1310 τῶν
1478 1261 1699 1310 πολλῶν
1729 1277 1821 1309 κα-

135 1356 251 1400 κῶν
302 1348 395 1400 διὰ
433 1349 533 1416 τὴν
580 1348 763 1416 Τύχην
802 1346 1162 1416 ἀπελελύμην,
1214 1347 1352 1399 ὥστε
1390 1347 1491 1414 τὴν
1529 1347 1821 1416 Κόρινθον

136 1432 291 1488 εἶδον
341 1436 407 1488 οὐ
462 1436 687 1504 φεύγων
741 1432 875 1488 οὐδὲ
929 1436 1170 1503 διώκων,
1225 1435 1362 1488 ἀλλὰ
1414 1441 1522 1488 νῦν
1574 1431 1676 1501 μὲν
1730 1433 1815 1504 ἐφ’

138 1523 335 1595 ἑορτὴν
372 1527 719 1593 Λακωνικήν,
758 1524 855 1587 τὰς
893 1524 1173 1593 μάστιγας,
1213 1523 1578 1592 ἐπειγόμενος,
1617 1530 1725 1576 νῦν
1761 1520 1823 1576 δὲ

137 1614 215 1675 εἰς
238 1611 438 1684 ’Ἀργος
473 1613 542 1665 τὰ
578 1611 705 1682 παρ’
753 1613 940 1675 αὐτοῖς
977 1614 1335 1681 μυησόμενος.
1412 1613 1503 1665 καὶ
1548 1619 1711 1665 τοῦτο
1762 1609 1823 1665 δὲ

136 1710 418 1754 τοσοῦτον.
501 1702 592 1755 καὶ
638 1700 754 1755 κατ’
807 1702 1009 1764 αὐτοὺς
1056 1702 1123 1769 δὴ
1168 1703 1298 1764 τοὺς
1345 1703 1545 1768 λόγους
1591 1702 1822 1770 μιμητὴς

259 1865 285 1904 8
319 1875 406 1916 sq.:
445 1860 628 1904 Anaxss.
662 1862 714 1905 in
742 1861 899 1906 Neot‘c.
931 1861 986 1904 fr.
1021 1875 1133 1905 com.
1159 1861 1255 1905 Att.
1288 1861 1352 1903 ΠΙ
1383 1865 1484 1916 347,
1507 1865 1547 1904 4.
1584 1865 1653 1916 15,
1680 1865 1735 1903 20
1760 1860 1820 1904 M.

138 1919 182 1963 H
214 1924 299 1962 270
331 1920 385 1963 K.
418 1919 623 1976 Alciphx.
658 1933 728 1976 ep.
766 1925 819 1964 18
851 1920 1037 1964 Σκύλλα
1067 1920 1096 1976 ἡ
1128 1918 1416 1977 μουσουργός

261 2059 315 2096 13
341 2053 804 2097 ἀπολελαύκεσαν
828 2053 880 2098 δὲ
905 2053 979 2097 ἀεὶ
1003 2053 1087 2097 συν
1110 2059 1177 2126 τῇ
1190 2054 1300 2097 ἀπο
1324 2051 1549 2108 προθέσει
1567 2053 1612 2097 V
1681 2057 1735 2096 15
1764 2051 1823 2096 Οἱ

139 2111 504 2185 Λακεδαιμόνιοι
535 2111 652 2167 πρὸς
690 2110 940 2168 καρτερίαν
975 2110 1310 2184 γυμναζόμενοι
1346 2111 1428 2168 τὴν
1452 2109 1660 2167 ’Ἄρτεμιν
1696 2113 1824 2168 (num

139 2178 194 2229 τῇ
207 2169 485 2245 Ἀρτέμιδιῖ)
518 2171 680 2228 ἑορτὴν
714 2170 919 2225 ἐποίουν,
952 2171 1002 2215 ἐν
1036 2165 1064 2230 ᾗ
1096 2170 1334 2245 ἐμαστιζον
1366 2170 1600 2226 ἀλλήλους,
1632 2171 1713 2215 καὶ.
1744 2171 1822 2214 ἁν-

140 2228 281 2286 δρίαν
322 2230 428 2274 τινὰ
468 2231 518 2275 ἐκ
556 2230 731 2274 τούτων
772 2218 1089 2285 ἐπαιδεύοντο,
1136 2247 1213 2274 ινα
1253 2230 1486 2286 ἀνδρικῶς
1525 2230 1672 2288 ἔχοιεν
1718 2230 1824 2284 περὶ

140 2290 248 2339 τους
278 2287 505 2345 πολέμους
535 2289 604 2334 B⁹

1863 659 1883 690 5

1845 1102 1888 1134 10

1847 1544 1888 1577 15

259 2427 285 2465 3
317 2426 379 2482 τῷ
405 2437 490 2479 sup
492 2435 545 2465 ra
575 2421 626 2466 τὸ
652 2424 697 2466 Ρ
726 2423 773 2465 et
803 2421 900 2525 As6
901 2423 949 2465 eb
982 2422 1048 2466 0¹²
1107 2422 1159 2466 τὸ
1183 2424 1228 2468 L
1340 2427 1368 2466 4
1401 2424 1483 2466 aut
1514 2421 1715 2472 ἅπαντες
1735 2424 1852 2495 aui:⁸

142 2469 361 2532 ἅπαντας
377 2481 531 2525 delere
554 2481 655 2524 vult
677 2482 744 2524 Re
960 2481 1044 2539 τε)
1076 2481 1251 2525 inserui
1373 2485 1397 2524 7
1438 2482 1518 2525 καὶ
1555 2478 1824 2538 κοινωνίας]

142 2537 391 2590 κοινωνίας
420 2541 500 2584 καὶ
522 2540 614 2596 Wy
615 2540 749 2584 ttenb
774 2486 900 2584 Em?
982 2544 1066 2583 258
1141 2538 1392 2596 παροινίας
1421 2540 1691 2584 MSchmidt
1716 2539 1825 2583 Phi-

142 2597 219 2642 101.
237 2598 280 2642 X
298 2603 383 2642 614
410 2601 418 2655 Ι
450 2601 559 2655 post
587 2606 678 2643 τῶν
710 2598 835 2654 quod
868 2601 939 2642 est
969 2599 1018 2642 in
1049 2598 1182 2643 libris
1212 2615 1260 2644 τε
1293 2599 1444 2643 delevi
1468 2613 1572 2643 cum
1595 2599 1663 2642 Re
1686 2598 1825 2641 Anim

144 2658 193 2700 et
216 2656 396 2702 Sint-‚eni
456 2658 558 2711 νυξὶ
582 2659 627 2703 L
655 2661 660 2714 Ι
686 2666 779 2702 τῶν
809 2665 1125 2714 πορνευτριῶν
1155 2658 1231 2702 vel
1261 2656 1526 2715 στεγιτίδων
1556 2657 1826 2701 MSchmidt

143 2712 173 2758 l.
206 2715 236 2758 1.
327 2731 440 2760 num
475 2724 568 2761 τῶν
606 2719 967 2775 πορνοβοσκῶνὶ)
1088 2721 1114 2760 8
1153 2716 1476 2773 πορευομένων
1515 2717 1682 2773 scripsi
1720 2730 1825 2760 cum

145 2772 302 2818 Gauda,
370 2774 663 2832 ποιουμένων
694 2775 804 2820 libri
836 2778 883 2820 et
914 2775 1005 2820 edd
1033 2777 1038 2831 Ι
1081 2774 1239 2833 σκίλης
1259 2778 1302 2821 V
1330 2779 1336 2833 Ι
1377 2791 1489 2820 num
1518 2778 1765 2831 κεφαλῶνὶ)

146 2836 173 2875 9
211 2831 422 2889 γείτονας
461 2835 710 2879 delendum
740 2835 923 2879 videtur
1051 2839 1105 2878 12
1145 2852 1195 2892 γε
1234 2836 1303 2879 Re
1385 2851 1434 2879 τε
1464 2835 1684 2879 ACPBL
1715 2834 1825 2877 Fert

144 2889 247 2935 Mor
307 2906 382 2936 0111
402 2894 446 2937 V
533 2899 587 2938 16
618 2894 747 2950 παρὰ
771 2895 815 2938 L
842 2896 849 2950 Ι
876 2894 956 2939 καὶ
983 2900 1118 2938 τοῦτο
1143 2894 1194 2939 δὲ
1218 2901 1439 2938 τοσοῦτον
1464 2894 1612 2938 κακὸν
1642 2891 1825 2948 ἀπέφυ-

144 2965 230 3006 γον
254 2948 356 2994 κατ’
370 2952 540 3003 αὐτους
563 2953 631 2996 Re
654 2953 794 2996 Amm
861 2953 1028 2998 τούτου
1053 2951 1104 2997 δε
1127 2953 1363 3007 τοσούτου,
1390 2953 1431 2997 εἰ
1453 2951 1723 2996 MSohmidt
1746 2951 1774 2994 l.
1794 2951 1822 2994 l
