<?xml version="1.0" encoding="UTF-8"?>
<!DOCTYPE html PUBLIC "-//W3C//DTD XHTML 1.0 Transitional//EN"
    "http://www.w3.org/TR/xhtml1/DTD/xhtml1-transitional.dtd">
<html xmlns="http://www.w3.org/1999/xhtml" xml:lang="en" lang="en">
 <head>
  <title>
</title>
<meta http-equiv="Content-Type" content="text/html;charset=utf-8" />
  <meta name='ocr-system' content='tesseract 3.04.00' />
  <meta name='ocr-capabilities' content='ocr_page ocr_carea ocr_par ocr_line ocrx_word'/>
</head>
<body>
  <div class='ocr_page' id='page_1' title='image "./operarecensuitri01libauoft_0031.png"; bbox 0 0 2026 3168; ppageno 0'>
   <div class='ocr_carea' id='block_1_1' title="bbox 657 138 1799 194">
    <p class='ocr_par' dir='ltr' id='par_1_1' title="bbox 657 138 1799 194">
     <span class='ocr_line' id='line_1_1' title="bbox 657 138 1799 194; baseline 0 -10"><span class='ocrx_word' id='word_1_1' title='bbox 657 140 884 184; x_wconf 85' lang='lat' dir='ltr'><strong>LIBANH</strong></span> <span class='ocrx_word' id='word_1_2' title='bbox 915 138 1256 185; x_wconf 87' lang='lat' dir='ltr'><strong>ORATIONES</strong></span> <span class='ocrx_word' id='word_1_3' title='bbox 1732 141 1799 194; x_wconf 80' lang='lat'>15</span> 
     </span>
    </p>
   </div>
   <div class='ocr_carea' id='block_1_2' title="bbox 114 279 1872 1826">
    <p class='ocr_par' dir='ltr' id='par_1_2' title="bbox 119 279 1803 417">
     <span class='ocr_line' id='line_1_2' title="bbox 230 279 1803 343; baseline 0 -14"><span class='ocrx_word' id='word_1_4' title='bbox 230 282 425 330; x_wconf 86' lang='lat' dir='ltr'>Folium</span> <span class='ocrx_word' id='word_1_5' title='bbox 467 281 596 343; x_wconf 90' lang='lat' dir='ltr'>quod</span> <span class='ocrx_word' id='word_1_6' title='bbox 642 284 929 329; x_wconf 87' lang='lat' dir='ltr'>numeratur</span> <span class='ocrx_word' id='word_1_7' title='bbox 968 282 1073 330; x_wconf 89' lang='lat'>403</span> <span class='ocrx_word' id='word_1_8' title='bbox 1114 279 1296 329; x_wconf 75' lang='lat' dir='ltr'>desinit</span> <span class='ocrx_word' id='word_1_9' title='bbox 1333 281 1574 330; x_wconf 86' lang='lat' dir='ltr'>vocabulo</span> <span class='ocrx_word' id='word_1_10' title='bbox 1613 279 1803 330; x_wconf 75' lang='grc' dir='ltr'><strong><em>ἔδωκαν</em></strong></span> 
     </span>
     <span class='ocr_line' id='line_1_3' title="bbox 119 355 1260 417; baseline -0.002 -13"><span class='ocrx_word' id='word_1_11' title='bbox 119 356 196 404; x_wconf 94' lang='grc' dir='ltr'>ΠΙ</span> <span class='ocrx_word' id='word_1_12' title='bbox 236 356 359 416; x_wconf 84' lang='grc'>450,</span> <span class='ocrx_word' id='word_1_13' title='bbox 394 356 476 403; x_wconf 89' lang='grc'>10.</span> <span class='ocrx_word' id='word_1_14' title='bbox 553 355 789 417; x_wconf 72' lang='lat' dir='ltr'><strong>Sequitur</strong></span> <span class='ocrx_word' id='word_1_15' title='bbox 825 355 1000 403; x_wconf 85' lang='lat' dir='ltr'>folium</span> <span class='ocrx_word' id='word_1_16' title='bbox 1037 369 1260 403; x_wconf 87' lang='lat' dir='ltr'>vacuum.</span> 
     </span>
    </p>

    <p class='ocr_par' dir='ltr' id='par_1_3' title="bbox 122 428 1801 639">
     <span class='ocr_line' id='line_1_4' title="bbox 230 428 1801 491; baseline 0.001 -15"><span class='ocrx_word' id='word_1_17' title='bbox 230 429 364 486; x_wconf 83' lang='lat' dir='ltr'>Quae</span> <span class='ocrx_word' id='word_1_18' title='bbox 396 444 511 478; x_wconf 83' lang='lat' dir='ltr'>vero</span> <span class='ocrx_word' id='word_1_19' title='bbox 544 429 884 478; x_wconf 75' lang='lat' dir='ltr'>desiderantur</span> <span class='ocrx_word' id='word_1_20' title='bbox 914 429 967 476; x_wconf 92' lang='lat' dir='ltr'>in</span> <span class='ocrx_word' id='word_1_21' title='bbox 996 429 1089 477; x_wconf 90' lang='lat' dir='ltr'>hac</span> <span class='ocrx_word' id='word_1_22' title='bbox 1121 429 1343 477; x_wconf 89' lang='lat' dir='ltr'>oratione</span> <span class='ocrx_word' id='word_1_23' title='bbox 1374 444 1528 491; x_wconf 89' lang='lat' dir='ltr'>usque</span> <span class='ocrx_word' id='word_1_24' title='bbox 1566 428 1630 477; x_wconf 90' lang='lat' dir='ltr'>ad</span> <span class='ocrx_word' id='word_1_25' title='bbox 1659 428 1801 477; x_wconf 89' lang='lat' dir='ltr'>finem</span> 
     </span>
     <span class='ocr_line' id='line_1_5' title="bbox 122 496 1800 570; baseline -0.001 -19"><span class='ocrx_word' id='word_1_26' title='bbox 122 498 267 570; x_wconf 86' lang='lat'>(461,</span> <span class='ocrx_word' id='word_1_27' title='bbox 303 496 395 570; x_wconf 88' lang='grc'>18)</span> <span class='ocrx_word' id='word_1_28' title='bbox 434 502 591 551; x_wconf 86' lang='lat' dir='ltr'>tribus</span> <span class='ocrx_word' id='word_1_29' title='bbox 631 503 819 552; x_wconf 76' lang='lat' dir='ltr'><strong>ultimis</strong></span> <span class='ocrx_word' id='word_1_30' title='bbox 863 503 996 551; x_wconf 84' lang='lat' dir='ltr'>foliis</span> <span class='ocrx_word' id='word_1_31' title='bbox 1035 503 1325 551; x_wconf 85' lang='lat'>404—406</span> <span class='ocrx_word' id='word_1_32' title='bbox 1375 518 1524 550; x_wconf 91' lang='lat' dir='ltr'>manu</span> <span class='ocrx_word' id='word_1_33' title='bbox 1570 504 1800 551; x_wconf 88' lang='lat' dir='ltr'>recentis-</span> 
     </span>
     <span class='ocr_line' id='line_1_6' title="bbox 122 577 681 639; baseline -0.005 -13"><span class='ocrx_word' id='word_1_34' title='bbox 122 579 246 626; x_wconf 90' lang='lat' dir='ltr'>sima</span> <span class='ocrx_word' id='word_1_35' title='bbox 284 577 514 639; x_wconf 90' lang='lat' dir='ltr'>suppleta</span> <span class='ocrx_word' id='word_1_36' title='bbox 552 579 681 625; x_wconf 89' lang='lat' dir='ltr'>sunt.</span> 
     </span>
    </p>

    <p class='ocr_par' dir='ltr' id='par_1_4' title="bbox 116 650 1801 1162">
     <span class='ocr_line' id='line_1_7' title="bbox 231 650 1798 714; baseline 0 -16"><span class='ocrx_word' id='word_1_37' title='bbox 231 651 410 699; x_wconf 88' lang='lat' dir='ltr'>Totum</span> <span class='ocrx_word' id='word_1_38' title='bbox 450 666 540 714; x_wconf 87' lang='lat' dir='ltr'>ego</span> <span class='ocrx_word' id='word_1_39' title='bbox 580 650 795 698; x_wconf 81' lang='lat' dir='ltr'>codicem</span> <span class='ocrx_word' id='word_1_40' title='bbox 834 650 1019 699; x_wconf 88' lang='lat' dir='ltr'>Romae</span> <span class='ocrx_word' id='word_1_41' title='bbox 1056 650 1170 698; x_wconf 91' lang='lat' dir='ltr'>inde</span> <span class='ocrx_word' id='word_1_42' title='bbox 1218 667 1248 699; x_wconf 93' lang='lat' dir='ltr'>a</span> <span class='ocrx_word' id='word_1_43' title='bbox 1292 651 1452 699; x_wconf 89' lang='lat' dir='ltr'>hieme</span> <span class='ocrx_word' id='word_1_44' title='bbox 1500 651 1617 698; x_wconf 90' lang='lat' dir='ltr'>anni</span> <span class='ocrx_word' id='word_1_45' title='bbox 1658 651 1798 698; x_wconf 90' lang='lat'>1868</span> 
     </span>
     <span class='ocr_line' id='line_1_8' title="bbox 118 724 1801 788; baseline 0 -16"><span class='ocrx_word' id='word_1_46' title='bbox 118 740 271 786; x_wconf 91' lang='lat' dir='ltr'>usque</span> <span class='ocrx_word' id='word_1_47' title='bbox 311 724 374 772; x_wconf 92' lang='lat' dir='ltr'>ad</span> <span class='ocrx_word' id='word_1_48' title='bbox 411 724 627 773; x_wconf 90' lang='lat' dir='ltr'>medium</span> <span class='ocrx_word' id='word_1_49' title='bbox 666 740 852 772; x_wconf 89' lang='lat' dir='ltr'>annum</span> <span class='ocrx_word' id='word_1_50' title='bbox 894 725 1036 773; x_wconf 85' lang='lat'>1870</span> <span class='ocrx_word' id='word_1_51' title='bbox 1075 725 1276 772; x_wconf 88' lang='lat' dir='ltr'>contuli.</span> <span class='ocrx_word' id='word_1_52' title='bbox 1346 724 1421 772; x_wconf 92' lang='lat' dir='ltr'>De</span> <span class='ocrx_word' id='word_1_53' title='bbox 1460 724 1667 788; x_wconf 87' lang='lat' dir='ltr'>singulis</span> <span class='ocrx_word' id='word_1_54' title='bbox 1706 724 1801 772; x_wconf 89' lang='lat' dir='ltr'>lec-</span> 
     </span>
     <span class='ocr_line' id='line_1_9' title="bbox 118 798 1800 847; baseline 0 -1"><span class='ocrx_word' id='word_1_55' title='bbox 118 798 335 847; x_wconf 90' lang='lat' dir='ltr'>tionibus</span> <span class='ocrx_word' id='word_1_56' title='bbox 375 799 707 847; x_wconf 76' lang='lat' dir='ltr'>sciscitantem</span> <span class='ocrx_word' id='word_1_57' title='bbox 747 800 1041 846; x_wconf 83' lang='lat' dir='ltr'>amicissime</span> <span class='ocrx_word' id='word_1_58' title='bbox 1089 800 1345 846; x_wconf 88' lang='lat' dir='ltr'>certiorem</span> <span class='ocrx_word' id='word_1_59' title='bbox 1390 815 1468 846; x_wconf 89' lang='lat' dir='ltr'>me</span> <span class='ocrx_word' id='word_1_60' title='bbox 1514 799 1633 846; x_wconf 86' lang='lat' dir='ltr'>fecit</span> <span class='ocrx_word' id='word_1_61' title='bbox 1670 798 1800 846; x_wconf 87' lang='lat' dir='ltr'>Iose-</span> 
     </span>
     <span class='ocr_line' id='line_1_10' title="bbox 116 871 1799 936; baseline 0 -17"><span class='ocrx_word' id='word_1_62' title='bbox 116 873 243 936; x_wconf 90' lang='lat' dir='ltr'>phus</span> <span class='ocrx_word' id='word_1_63' title='bbox 284 871 508 936; x_wconf 85' lang='lat' dir='ltr'>Cugnoni</span> <span class='ocrx_word' id='word_1_64' title='bbox 546 872 969 934; x_wconf 80' lang='lat' dir='ltr'>bibliotheca1iuS‚</span> <span class='ocrx_word' id='word_1_65' title='bbox 1010 873 1148 920; x_wconf 89' lang='lat' dir='ltr'>cuius</span> <span class='ocrx_word' id='word_1_66' title='bbox 1189 874 1340 921; x_wconf 89' lang='lat' dir='ltr'>etiam</span> <span class='ocrx_word' id='word_1_67' title='bbox 1378 873 1578 920; x_wconf 84' lang='lat' dir='ltr'>collatio</span> <span class='ocrx_word' id='word_1_68' title='bbox 1619 874 1799 920; x_wconf 89' lang='lat' dir='ltr'>oratio-</span> 
     </span>
     <span class='ocr_line' id='line_1_11' title="bbox 117 943 1799 1012; baseline -0.001 -18"><span class='ocrx_word' id='word_1_69' title='bbox 117 948 193 994; x_wconf 84' lang='lat' dir='ltr'>nis</span> <span class='ocrx_word' id='word_1_70' title='bbox 232 945 355 1012; x_wconf 85' lang='grc' dir='ltr'><strong><em>πρὸς</em></strong></span> <span class='ocrx_word' id='word_1_71' title='bbox 393 945 508 1004; x_wconf 83' lang='grc' dir='ltr'><strong>τοὺς</strong></span> <span class='ocrx_word' id='word_1_72' title='bbox 544 945 614 1004; x_wconf 83' lang='grc' dir='ltr'>εἰς</span> <span class='ocrx_word' id='word_1_73' title='bbox 650 945 742 1010; x_wconf 82' lang='grc' dir='ltr'>τὴν</span> <span class='ocrx_word' id='word_1_74' title='bbox 771 945 998 995; x_wconf 79' lang='grc' dir='ltr'><strong><em>παιδείαν</em></strong></span> <span class='ocrx_word' id='word_1_75' title='bbox 1029 943 1425 1008; x_wconf 80' lang='grc' dir='ltr'><strong><em>ἀποσκώψαντας</em></strong></span> <span class='ocrx_word' id='word_1_76' title='bbox 1457 946 1518 994; x_wconf 89' lang='lat' dir='ltr'>ab</span> <span class='ocrx_word' id='word_1_77' title='bbox 1550 946 1606 993; x_wconf 84' lang='lat' dir='ltr'>E.</span> <span class='ocrx_word' id='word_1_78' title='bbox 1639 946 1799 994; x_wconf 90' lang='lat' dir='ltr'>Mon-</span> 
     </span>
     <span class='ocr_line' id='line_1_12' title="bbox 116 1019 1799 1083; baseline 0 -16"><span class='ocrx_word' id='word_1_79' title='bbox 116 1022 281 1069; x_wconf 90' lang='lat' dir='ltr'>nerio</span> <span class='ocrx_word' id='word_1_80' title='bbox 328 1022 381 1068; x_wconf 92' lang='lat' dir='ltr'>in</span> <span class='ocrx_word' id='word_1_81' title='bbox 421 1019 635 1068; x_wconf 90' lang='lat' dir='ltr'>editione</span> <span class='ocrx_word' id='word_1_82' title='bbox 681 1022 815 1083; x_wconf 84' lang='lat' dir='ltr'>typis</span> <span class='ocrx_word' id='word_1_83' title='bbox 863 1021 1061 1082; x_wconf 91' lang='lat' dir='ltr'>quidem</span> <span class='ocrx_word' id='word_1_84' title='bbox 1105 1021 1366 1082; x_wconf 89' lang='lat' dir='ltr'>impressa,</span> <span class='ocrx_word' id='word_1_85' title='bbox 1417 1020 1502 1068; x_wconf 89' lang='lat' dir='ltr'>sed</span> <span class='ocrx_word' id='word_1_86' title='bbox 1547 1036 1646 1068; x_wconf 94' lang='lat' dir='ltr'>non</span> <span class='ocrx_word' id='word_1_87' title='bbox 1690 1035 1799 1082; x_wconf 91' lang='lat' dir='ltr'>per-</span> 
     </span>
     <span class='ocr_line' id='line_1_13' title="bbox 116 1088 1466 1162; baseline -0.001 -20"><span class='ocrx_word' id='word_1_88' title='bbox 116 1094 246 1142; x_wconf 86' lang='lat' dir='ltr'>fecta</span> <span class='ocrx_word' id='word_1_89' title='bbox 284 1109 372 1142; x_wconf 92' lang='lat' dir='ltr'>nec</span> <span class='ocrx_word' id='word_1_90' title='bbox 410 1095 543 1142; x_wconf 89' lang='lat' dir='ltr'>foras</span> <span class='ocrx_word' id='word_1_91' title='bbox 581 1097 732 1143; x_wconf 88' lang='lat' dir='ltr'>missa</span> <span class='ocrx_word' id='word_1_92' title='bbox 773 1088 840 1161; x_wconf 88' lang='lat' dir='ltr'>(p.</span> <span class='ocrx_word' id='word_1_93' title='bbox 878 1089 1006 1160; x_wconf 89' lang='grc'>104)</span> <span class='ocrx_word' id='word_1_94' title='bbox 1020 1088 1062 1162; x_wconf 91' lang='grc'>1)</span> <span class='ocrx_word' id='word_1_95' title='bbox 1101 1096 1341 1156; x_wconf 90' lang='lat' dir='ltr'>usurpata</span> <span class='ocrx_word' id='word_1_96' title='bbox 1381 1096 1466 1142; x_wconf 90' lang='lat' dir='ltr'>est.</span> 
     </span>
    </p>

    <p class='ocr_par' dir='ltr' id='par_1_5' title="bbox 114 1162 1872 1826">
     <span class='ocr_line' id='line_1_14' title="bbox 229 1162 1798 1235; baseline 0.001 -20"><span class='ocrx_word' id='word_1_97' title='bbox 229 1170 275 1215; x_wconf 83' lang='lat'>2.</span> <span class='ocrx_word' id='word_1_98' title='bbox 322 1168 693 1217; x_wconf 89' lang='lat' dir='ltr'>Monacensis</span> <span class='ocrx_word' id='word_1_99' title='bbox 733 1185 802 1232; x_wconf 85' lang='lat' dir='ltr'>gr.</span> <span class='ocrx_word' id='word_1_100' title='bbox 844 1169 949 1216; x_wconf 89' lang='lat'>483</span> <span class='ocrx_word' id='word_1_101' title='bbox 991 1162 1086 1234; x_wconf 85' lang='lat'>(=</span> <span class='ocrx_word' id='word_1_102' title='bbox 1120 1162 1212 1235; x_wconf 87' lang='lat' dir='ltr'>A),</span> <span class='ocrx_word' id='word_1_103' title='bbox 1252 1169 1372 1216; x_wconf 90' lang='lat' dir='ltr'>olim</span> <span class='ocrx_word' id='word_1_104' title='bbox 1409 1168 1798 1232; x_wconf 86' lang='lat' dir='ltr'>Augustanus</span> 
     </span>
     <span class='ocr_line' id='line_1_15' title="bbox 115 1235 1797 1309; baseline 0.001 -21"><span class='ocrx_word' id='word_1_105' title='bbox 115 1241 237 1304; x_wconf 84' lang='lat' dir='ltr'>plut.</span> <span class='ocrx_word' id='word_1_106' title='bbox 263 1242 362 1289; x_wconf 89' lang='lat' dir='ltr'>VII</span> <span class='ocrx_word' id='word_1_107' title='bbox 400 1242 502 1290; x_wconf 92' lang='lat' dir='ltr'>cod.</span> <span class='ocrx_word' id='word_1_108' title='bbox 535 1241 627 1288; x_wconf 93' lang='lat' dir='ltr'>XV</span> <span class='ocrx_word' id='word_1_109' title='bbox 666 1235 735 1309; x_wconf 91' lang='lat' dir='ltr'>(p.</span> <span class='ocrx_word' id='word_1_110' title='bbox 773 1243 838 1290; x_wconf 85' lang='lat'>78</span> <span class='ocrx_word' id='word_1_111' title='bbox 880 1259 925 1289; x_wconf 93' lang='lat' dir='ltr'>n.</span> <span class='ocrx_word' id='word_1_112' title='bbox 963 1235 1108 1309; x_wconf 75' lang='lat'>15)2)</span> <span class='ocrx_word' id='word_1_113' title='bbox 1149 1257 1275 1290; x_wconf 90' lang='lat' dir='ltr'>unus</span> <span class='ocrx_word' id='word_1_114' title='bbox 1316 1258 1341 1288; x_wconf 91' lang='lat' dir='ltr'>e</span> <span class='ocrx_word' id='word_1_115' title='bbox 1380 1241 1629 1290; x_wconf 91' lang='lat' dir='ltr'>codicibus</span> <span class='ocrx_word' id='word_1_116' title='bbox 1669 1257 1797 1290; x_wconf 87' lang='lat' dir='ltr'>anno</span> 
     </span>
     <span class='ocr_line' id='line_1_16' title="bbox 119 1315 1801 1378; baseline 0.001 -15"><span class='ocrx_word' id='word_1_117' title='bbox 119 1317 258 1364; x_wconf 88' lang='lat'>1545</span> <span class='ocrx_word' id='word_1_118' title='bbox 294 1316 354 1363; x_wconf 88' lang='lat' dir='ltr'>ab</span> <span class='ocrx_word' id='word_1_119' title='bbox 377 1316 597 1364; x_wconf 92' lang='lat' dir='ltr'>Antonio</span> <span class='ocrx_word' id='word_1_120' title='bbox 628 1315 854 1378; x_wconf 82' lang='lat' dir='ltr'>Eparcho</span> <span class='ocrx_word' id='word_1_121' title='bbox 882 1315 1153 1378; x_wconf 85' lang='lat' dir='ltr'>Corcyraeo</span> <span class='ocrx_word' id='word_1_122' title='bbox 1174 1315 1396 1364; x_wconf 85' lang='lat' dir='ltr'>Venetiis</span> <span class='ocrx_word' id='word_1_123' title='bbox 1429 1316 1621 1378; x_wconf 86' lang='lat' dir='ltr'>emptis,</span> <span class='ocrx_word' id='word_1_124' title='bbox 1654 1318 1801 1364; x_wconf 90' lang='lat' dir='ltr'>antea</span> 
     </span>
     <span class='ocr_line' id='line_1_17' title="bbox 116 1388 1799 1452; baseline -0.001 -14"><span class='ocrx_word' id='word_1_125' title='bbox 116 1405 145 1438; x_wconf 89' lang='lat' dir='ltr'>a</span> <span class='ocrx_word' id='word_1_126' title='bbox 177 1389 395 1438; x_wconf 87' lang='lat' dir='ltr'>Thoma</span> <span class='ocrx_word' id='word_1_127' title='bbox 430 1389 862 1451; x_wconf 86' lang='lat' dir='ltr'>Oantacuzeno,</span> <span class='ocrx_word' id='word_1_128' title='bbox 900 1388 1464 1452; x_wconf 83' lang='lat' dir='ltr'>Constantinopolitano,</span> <span class='ocrx_word' id='word_1_129' title='bbox 1502 1392 1560 1438; x_wconf 91' lang='lat' dir='ltr'>ut</span> <span class='ocrx_word' id='word_1_130' title='bbox 1589 1389 1799 1450; x_wconf 86' lang='lat' dir='ltr'>videtur,</span> 
     </span>
     <span class='ocr_line' id='line_1_18' title="bbox 115 1463 1800 1527; baseline 0 -17"><span class='ocrx_word' id='word_1_131' title='bbox 115 1463 157 1511; x_wconf 93' lang='lat' dir='ltr'>si</span> <span class='ocrx_word' id='word_1_132' title='bbox 203 1464 364 1512; x_wconf 88' lang='lat' dir='ltr'>minus</span> <span class='ocrx_word' id='word_1_133' title='bbox 411 1478 683 1527; x_wconf 85' lang='lat' dir='ltr'>possessuS,</span> <span class='ocrx_word' id='word_1_134' title='bbox 738 1466 868 1512; x_wconf 91' lang='lat' dir='ltr'>certe</span> <span class='ocrx_word' id='word_1_135' title='bbox 914 1463 1157 1526; x_wconf 89' lang='lat' dir='ltr'>perlectus</span> <span class='ocrx_word' id='word_1_136' title='bbox 1204 1467 1254 1512; x_wconf 90' lang='lat' dir='ltr'>et</span> <span class='ocrx_word' id='word_1_137' title='bbox 1300 1466 1544 1512; x_wconf 88' lang='lat' dir='ltr'>correctus</span> <span class='ocrx_word' id='word_1_138' title='bbox 1590 1463 1800 1511; x_wconf 88' lang='lat' dir='ltr'>testibus</span> 
     </span>
     <span class='ocr_line' id='line_1_19' title="bbox 115 1537 1801 1601; baseline -0.001 -15"><span class='ocrx_word' id='word_1_139' title='bbox 115 1537 555 1600; x_wconf 90' lang='lat' dir='ltr'>subscriptionibus</span> <span class='ocrx_word' id='word_1_140' title='bbox 604 1538 657 1585; x_wconf 93' lang='lat' dir='ltr'>in</span> <span class='ocrx_word' id='word_1_141' title='bbox 706 1538 1012 1601; x_wconf 87' lang='lat' dir='ltr'>marginibus</span> <span class='ocrx_word' id='word_1_142' title='bbox 1061 1538 1378 1587; x_wconf 86' lang='lat' dir='ltr'>inferioribus</span> <span class='ocrx_word' id='word_1_143' title='bbox 1425 1538 1658 1586; x_wconf 86' lang='lat' dir='ltr'>foliorum</span> <span class='ocrx_word' id='word_1_144' title='bbox 1707 1538 1801 1584; x_wconf 63' lang='lat'>76*</span> 
     </span>
     <span class='ocr_line' id='line_1_20' title="bbox 115 1606 1800 1678; baseline 0 -19"><span class='ocrx_word' id='word_1_145' title='bbox 115 1606 231 1678; x_wconf 79' lang='grc' dir='ltr'>(ἐγῶ</span> <span class='ocrx_word' id='word_1_146' title='bbox 281 1610 457 1675; x_wconf 82' lang='grc' dir='ltr'><strong><em>θώμάς</em></strong></span> <span class='ocrx_word' id='word_1_147' title='bbox 504 1608 529 1659; x_wconf 88' lang='grc' dir='ltr'><em>ὅ</em></span> <span class='ocrx_word' id='word_1_148' title='bbox 575 1610 967 1675; x_wconf 81' lang='grc' dir='ltr'><strong><em>καντακούζηνός</em></strong></span> <span class='ocrx_word' id='word_1_149' title='bbox 1017 1610 1240 1676; x_wconf 84' lang='grc' dir='ltr'><strong><em>διηλθὼν</em></strong></span> <span class='ocrx_word' id='word_1_150' title='bbox 1290 1611 1435 1676; x_wconf 79' lang='grc' dir='ltr'><em>τήνδε</em></span> <span class='ocrx_word' id='word_1_151' title='bbox 1488 1610 1579 1676; x_wconf 84' lang='grc' dir='ltr'>τὴν</span> <span class='ocrx_word' id='word_1_152' title='bbox 1633 1609 1800 1660; x_wconf 82' lang='grc' dir='ltr'><em>δέλτον</em></span> 
     </span>
     <span class='ocr_line' id='line_1_21' title="bbox 114 1679 1872 1753; baseline -0.001 -20"><span class='ocrx_word' id='word_1_153' title='bbox 114 1703 222 1733; x_wconf 87' lang='grc' dir='ltr'><strong><em>αντι</em></strong></span> <span class='ocrx_word' id='word_1_154' title='bbox 334 1687 385 1734; x_wconf 78' lang='lat' dir='ltr'>et</span> <span class='ocrx_word' id='word_1_155' title='bbox 422 1685 506 1734; x_wconf 88' lang='lat' dir='ltr'>fol.</span> <span class='ocrx_word' id='word_1_156' title='bbox 543 1687 608 1733; x_wconf 85' lang='grc'>77</span> <span class='ocrx_word' id='word_1_157' title='bbox 658 1685 782 1749; x_wconf 84' lang='grc' dir='ltr'><em>μηνί</em></span> <span class='ocrx_word' id='word_1_158' title='bbox 816 1679 1022 1753; x_wconf 82' lang='grc' dir='ltr'><strong><em>μαρτιω)</em></strong></span> <span class='ocrx_word' id='word_1_159' title='bbox 1071 1689 1121 1734; x_wconf 77' lang='lat' dir='ltr'>et</span> <span class='ocrx_word' id='word_1_160' title='bbox 1170 1688 1272 1734; x_wconf 82' lang='lat'>237</span> <span class='ocrx_word' id='word_1_161' title='bbox 1323 1679 1438 1751; x_wconf 75' lang='grc' dir='ltr'>(ἐγώ</span> <span class='ocrx_word' id='word_1_162' title='bbox 1479 1684 1717 1749; x_wconf 82' lang='grc' dir='ltr'><strong><em>δηηλθών</em></strong></span> <span class='ocrx_word' id='word_1_163' title='bbox 1755 1703 1802 1733; x_wconf 86' lang='grc' dir='ltr'>τι</span> <span class='ocrx_word' id='word_1_164' title='bbox 1869 1746 1872 1749; x_wconf 87' lang='lat'>.</span> 
     </span>
     <span class='ocr_line' id='line_1_22' title="bbox 115 1752 1798 1826; baseline -0.001 -19"><span class='ocrx_word' id='word_1_165' title='bbox 115 1758 167 1807; x_wconf 79' lang='grc' dir='ltr'>δε</span> <span class='ocrx_word' id='word_1_166' title='bbox 204 1777 296 1822; x_wconf 86' lang='grc' dir='ltr'>την</span> <span class='ocrx_word' id='word_1_167' title='bbox 334 1758 501 1808; x_wconf 83' lang='grc' dir='ltr'><strong><em>δελτον</em></strong></span> <span class='ocrx_word' id='word_1_168' title='bbox 539 1776 723 1823; x_wconf 83' lang='grc' dir='ltr'><strong><em>ταυτην</em></strong></span> <span class='ocrx_word' id='word_1_169' title='bbox 768 1763 945 1823; x_wconf 83' lang='grc' dir='ltr'><strong><em>θῶμας</em></strong></span> <span class='ocrx_word' id='word_1_170' title='bbox 992 1758 1387 1823; x_wconf 81' lang='grc' dir='ltr'><strong><em>καντακουζηνός</em></strong></span> <span class='ocrx_word' id='word_1_171' title='bbox 1398 1752 1512 1826; x_wconf 63' lang='grc'>31)),</span> <span class='ocrx_word' id='word_1_172' title='bbox 1559 1758 1798 1806; x_wconf 86' lang='lat' dir='ltr'>membra-</span> 
     </span>
    </p>
   </div>
   <div class='ocr_carea' id='block_1_3' title="bbox 114 1844 467 1852">
    <p class='ocr_par' dir='ltr' id='par_1_6' title="bbox 114 1844 467 1852">
     <span class='ocr_line' id='line_1_23' title="bbox 114 1844 467 1852; baseline 0 0"><span class='ocrx_word' id='word_1_173' title='bbox 114 1844 467 1852; x_wconf 95' lang='lat' dir='ltr'> </span> 
     </span>
    </p>
   </div>
   <div class='ocr_carea' id='block_1_4' title="bbox 113 1884 1857 2886">
    <p class='ocr_par' dir='ltr' id='par_1_7' title="bbox 113 1884 1857 2534">
     <span class='ocr_line' id='line_1_24' title="bbox 236 1884 1800 1942; baseline 0.001 -15"><span class='ocrx_word' id='word_1_174' title='bbox 236 1887 276 1940; x_wconf 90' lang='lat'>1)</span> <span class='ocrx_word' id='word_1_175' title='bbox 309 1884 558 1941; x_wconf 84' lang='lat' dir='ltr'>Exemplar</span> <span class='ocrx_word' id='word_1_176' title='bbox 589 1885 686 1930; x_wconf 85' lang='lat' dir='ltr'>eius</span> <span class='ocrx_word' id='word_1_177' title='bbox 717 1899 802 1942; x_wconf 89' lang='lat' dir='ltr'>per</span> <span class='ocrx_word' id='word_1_178' title='bbox 823 1885 1067 1930; x_wconf 75' lang='lat' dir='ltr'>Alfi-edum</span> <span class='ocrx_word' id='word_1_179' title='bbox 1096 1885 1234 1930; x_wconf 89' lang='lat' dir='ltr'>Iacob</span> <span class='ocrx_word' id='word_1_180' title='bbox 1269 1899 1293 1929; x_wconf 92' lang='lat' dir='ltr'>e</span> <span class='ocrx_word' id='word_1_181' title='bbox 1317 1885 1604 1929; x_wconf 88' lang='lat' dir='ltr'>bibliotheca</span> <span class='ocrx_word' id='word_1_182' title='bbox 1627 1884 1800 1941; x_wconf 87' lang='lat' dir='ltr'>Eggeri</span> 
     </span>
     <span class='ocr_line' id='line_1_25' title="bbox 115 1943 1799 2001; baseline 0.001 -15"><span class='ocrx_word' id='word_1_183' title='bbox 115 1943 175 1986; x_wconf 90' lang='lat' dir='ltr'>ad</span> <span class='ocrx_word' id='word_1_184' title='bbox 199 1957 272 1986; x_wconf 91' lang='lat' dir='ltr'>me</span> <span class='ocrx_word' id='word_1_185' title='bbox 296 1944 518 2000; x_wconf 88' lang='lat' dir='ltr'>pervenit,</span> <span class='ocrx_word' id='word_1_186' title='bbox 552 1944 632 2001; x_wconf 92' lang='lat' dir='ltr'>qui</span> <span class='ocrx_word' id='word_1_187' title='bbox 664 1944 964 2001; x_wconf 80' lang='lat' dir='ltr'>(Hellenisme</span> <span class='ocrx_word' id='word_1_188' title='bbox 989 1959 1047 1988; x_wconf 92' lang='lat' dir='ltr'>en</span> <span class='ocrx_word' id='word_1_189' title='bbox 1070 1945 1245 1988; x_wconf 87' lang='lat' dir='ltr'>France</span> <span class='ocrx_word' id='word_1_190' title='bbox 1269 1944 1311 1987; x_wconf 93' lang='grc' dir='ltr'>Π</span> <span class='ocrx_word' id='word_1_191' title='bbox 1334 1947 1437 2001; x_wconf 79' lang='grc'>471)</span> <span class='ocrx_word' id='word_1_192' title='bbox 1471 1944 1528 1988; x_wconf 93' lang='lat' dir='ltr'>de</span> <span class='ocrx_word' id='word_1_193' title='bbox 1559 1943 1799 1987; x_wconf 89' lang='lat' dir='ltr'>Monnerio</span> 
     </span>
     <span class='ocr_line' id='line_1_26' title="bbox 115 2003 1799 2059; baseline 0.001 -13"><span class='ocrx_word' id='word_1_194' title='bbox 115 2004 231 2047; x_wconf 89' lang='lat' dir='ltr'>haec</span> <span class='ocrx_word' id='word_1_195' title='bbox 271 2003 432 2047; x_wconf 88' lang='lat' dir='ltr'>habet:</span> <span class='ocrx_word' id='word_1_196' title='bbox 475 2003 543 2046; x_wconf 90' lang='lat' dir='ltr'>M.</span> <span class='ocrx_word' id='word_1_197' title='bbox 571 2004 631 2047; x_wconf 88' lang='grc' dir='ltr'>Ε.</span> <span class='ocrx_word' id='word_1_198' title='bbox 661 2005 879 2048; x_wconf 77' lang='lat' dir='ltr'>Mouuier</span> <span class='ocrx_word' id='word_1_199' title='bbox 911 2005 1041 2059; x_wconf 79' lang='lat' dir='ltr'>(e&#39;tait</span> <span class='ocrx_word' id='word_1_200' title='bbox 1068 2005 1240 2059; x_wconf 82' lang='lat' dir='ltr'>ameue&#39;)</span> <span class='ocrx_word' id='word_1_201' title='bbox 1267 2017 1362 2059; x_wconf 80' lang='lat' dir='ltr'>par</span> <span class='ocrx_word' id='word_1_202' title='bbox 1391 2005 1468 2047; x_wconf 83' lang='lat' dir='ltr'>des</span> <span class='ocrx_word' id='word_1_203' title='bbox 1490 2003 1641 2048; x_wconf 82' lang='lat' dir='ltr'>e&#39;tudes</span> <span class='ocrx_word' id='word_1_204' title='bbox 1662 2003 1799 2048; x_wconf 84' lang='lat' dir='ltr'>histo-</span> 
     </span>
     <span class='ocr_line' id='line_1_27' title="bbox 113 2063 1802 2119; baseline 0 -13"><span class='ocrx_word' id='word_1_205' title='bbox 113 2063 265 2118; x_wconf 79' lang='lat' dir='ltr'>riques</span> <span class='ocrx_word' id='word_1_206' title='bbox 295 2063 325 2106; x_wconf 84' lang='grc' dir='ltr'><em>ὰ</em></span> <span class='ocrx_word' id='word_1_207' title='bbox 364 2063 580 2119; x_wconf 78' lang='lat' dir='ltr'>pre’parer</span> <span class='ocrx_word' id='word_1_208' title='bbox 616 2077 683 2106; x_wconf 82' lang='lat' dir='ltr'>uu</span> <span class='ocrx_word' id='word_1_209' title='bbox 721 2064 893 2107; x_wconf 80' lang='lat' dir='ltr'>volume</span> <span class='ocrx_word' id='word_1_210' title='bbox 932 2064 986 2108; x_wconf 81' lang='lat' dir='ltr'>de</span> <span class='ocrx_word' id='word_1_211' title='bbox 1024 2063 1229 2107; x_wconf 79' lang='lat' dir='ltr'>discours</span> <span class='ocrx_word' id='word_1_212' title='bbox 1266 2063 1429 2108; x_wconf 82' lang='lat' dir='ltr'>choisis</span> <span class='ocrx_word' id='word_1_213' title='bbox 1466 2063 1522 2106; x_wconf 83' lang='lat' dir='ltr'>de</span> <span class='ocrx_word' id='word_1_214' title='bbox 1559 2075 1606 2106; x_wconf 85' lang='lat' dir='ltr'>cc</span> <span class='ocrx_word' id='word_1_215' title='bbox 1635 2063 1802 2107; x_wconf 72' lang='lat' dir='ltr'>celebre</span> 
     </span>
     <span class='ocr_line' id='line_1_28' title="bbox 113 2121 1799 2180; baseline 0 -14"><span class='ocrx_word' id='word_1_216' title='bbox 113 2122 329 2178; x_wconf 79' lang='lat' dir='ltr'>sophiste,</span> <span class='ocrx_word' id='word_1_217' title='bbox 367 2126 482 2166; x_wconf 80' lang='lat' dir='ltr'>texte</span> <span class='ocrx_word' id='word_1_218' title='bbox 518 2134 619 2179; x_wconf 81' lang='lat' dir='ltr'>9rec</span> <span class='ocrx_word' id='word_1_219' title='bbox 656 2123 1008 2180; x_wconf 77' lang='lat' dir='ltr'>soiyueusemeut</span> <span class='ocrx_word' id='word_1_220' title='bbox 1045 2136 1152 2167; x_wconf 79' lang='lat' dir='ltr'>revu</span> <span class='ocrx_word' id='word_1_221' title='bbox 1191 2135 1296 2166; x_wconf 83' lang='lat' dir='ltr'>avec</span> <span class='ocrx_word' id='word_1_222' title='bbox 1333 2135 1422 2165; x_wconf 82' lang='lat' dir='ltr'>uue</span> <span class='ocrx_word' id='word_1_223' title='bbox 1453 2121 1714 2166; x_wconf 79' lang='lat' dir='ltr'>traductiou</span> <span class='ocrx_word' id='word_1_224' title='bbox 1744 2135 1799 2166; x_wconf 82' lang='lat' dir='ltr'>eu</span> 
     </span>
     <span class='ocr_line' id='line_1_29' title="bbox 113 2179 1799 2239; baseline -0.001 -13"><span class='ocrx_word' id='word_1_225' title='bbox 113 2182 289 2238; x_wconf 75' lang='lat' dir='ltr'>reqard.</span> <span class='ocrx_word' id='word_1_226' title='bbox 344 2180 575 2237; x_wconf 87' lang='lat' dir='ltr'>Inscripta</span> <span class='ocrx_word' id='word_1_227' title='bbox 605 2182 676 2225; x_wconf 86' lang='lat' dir='ltr'>est</span> <span class='ocrx_word' id='word_1_228' title='bbox 700 2181 865 2225; x_wconf 88' lang='lat' dir='ltr'>editio.</span> <span class='ocrx_word' id='word_1_229' title='bbox 897 2179 1127 2239; x_wconf 83' lang='grc' dir='ltr'><strong><em>Λιβανίου</em></strong></span> <span class='ocrx_word' id='word_1_230' title='bbox 1154 2181 1353 2226; x_wconf 68' lang='grc' dir='ltr'><strong><em>ἔκλεπτοι</em></strong></span> <span class='ocrx_word' id='word_1_231' title='bbox 1376 2180 1515 2238; x_wconf 78' lang='grc' dir='ltr'>λόγοι.</span> <span class='ocrx_word' id='word_1_232' title='bbox 1568 2180 1799 2225; x_wconf 79' lang='lat' dir='ltr'>Libauius</span> 
     </span>
     <span class='ocr_line' id='line_1_30' title="bbox 114 2238 1799 2297; baseline -0.001 -13"><span class='ocrx_word' id='word_1_233' title='bbox 114 2240 318 2284; x_wconf 77' lang='lat' dir='ltr'>discours</span> <span class='ocrx_word' id='word_1_234' title='bbox 355 2240 518 2284; x_wconf 80' lang='lat' dir='ltr'>choisis</span> <span class='ocrx_word' id='word_1_235' title='bbox 555 2241 602 2284; x_wconf 91' lang='lat' dir='ltr'>et</span> <span class='ocrx_word' id='word_1_236' title='bbox 675 2240 826 2297; x_wconf 84' lang='lat' dir='ltr'>aginis</span> <span class='ocrx_word' id='word_1_237' title='bbox 869 2245 952 2284; x_wconf 84' lang='lat'>389</span> <span class='ocrx_word' id='word_1_238' title='bbox 995 2240 1155 2285; x_wconf 90' lang='lat' dir='ltr'>decem</span> <span class='ocrx_word' id='word_1_239' title='bbox 1194 2239 1426 2284; x_wconf 88' lang='lat' dir='ltr'>orationes</span> <span class='ocrx_word' id='word_1_240' title='bbox 1469 2242 1526 2296; x_wconf 95' lang='lat'>(1.</span> <span class='ocrx_word' id='word_1_241' title='bbox 1560 2238 1674 2295; x_wconf 77' lang='grc' dir='ltr'>ὑπὲρ</span> <span class='ocrx_word' id='word_1_242' title='bbox 1707 2247 1799 2283; x_wconf 84' lang='grc' dir='ltr'>τῶν</span> 
     </span>
     <span class='ocr_line' id='line_1_31' title="bbox 115 2296 1799 2374; baseline -0.001 -30"><span class='ocrx_word' id='word_1_243' title='bbox 115 2296 333 2356; x_wconf 72' lang='grc' dir='ltr'>ῥητόρων.</span> <span class='ocrx_word' id='word_1_244' title='bbox 398 2304 436 2342; x_wconf 82' lang='lat'>2.</span> <span class='ocrx_word' id='word_1_245' title='bbox 474 2300 631 2359; x_wconf 81' lang='grc' dir='ltr'><em>μονῳδ</em></span> <span class='ocrx_word' id='word_1_246' title='bbox 652 2316 682 2342; x_wconf 89' lang='grc' dir='ltr'><strong><em>α</em></strong></span> <span class='ocrx_word' id='word_1_247' title='bbox 714 2299 790 2344; x_wconf 81' lang='grc' dir='ltr'>ἐπὶ</span> <span class='ocrx_word' id='word_1_248' title='bbox 822 2297 1125 2361; x_wconf 77' lang='grc' dir='ltr'><strong><em>Νικομηδεία.</em></strong></span> <span class='ocrx_word' id='word_1_249' title='bbox 1190 2304 1228 2343; x_wconf 93' lang='grc'>3.</span> <span class='ocrx_word' id='word_1_250' title='bbox 1265 2299 1383 2354; x_wconf 84' lang='grc' dir='ltr'><em>πρὸς</em></span> <span class='ocrx_word' id='word_1_251' title='bbox 1412 2297 1709 2374; x_wconf 55' lang='grc' dir='ltr'><strong><em>Αντιοχέας</em></strong></span> <span class='ocrx_word' id='word_1_252' title='bbox 1691 2299 1799 2354; x_wconf 77' lang='grc' dir='ltr'><em>περὶ</em></span> 
     </span>
     <span class='ocr_line' id='line_1_32' title="bbox 113 2357 1797 2416; baseline 0.001 -16"><span class='ocrx_word' id='word_1_253' title='bbox 113 2363 193 2414; x_wconf 87' lang='grc' dir='ltr'>τῆς</span> <span class='ocrx_word' id='word_1_254' title='bbox 222 2365 304 2402; x_wconf 84' lang='grc' dir='ltr'>τοῦ</span> <span class='ocrx_word' id='word_1_255' title='bbox 337 2357 557 2416; x_wconf 81' lang='grc' dir='ltr'><strong><em>βασιλέως</em></strong></span> <span class='ocrx_word' id='word_1_256' title='bbox 589 2357 738 2416; x_wconf 80' lang='grc' dir='ltr'>ὀργῆς.</span> <span class='ocrx_word' id='word_1_257' title='bbox 810 2363 849 2402; x_wconf 88' lang='lat'>4.</span> <span class='ocrx_word' id='word_1_258' title='bbox 890 2359 1007 2414; x_wconf 82' lang='grc' dir='ltr'><em>πρὸς</em></span> <span class='ocrx_word' id='word_1_259' title='bbox 1043 2359 1153 2410; x_wconf 83' lang='grc' dir='ltr'><em>τοὺς</em></span> <span class='ocrx_word' id='word_1_260' title='bbox 1191 2358 1257 2410; x_wconf 84' lang='grc' dir='ltr'>εἰς</span> <span class='ocrx_word' id='word_1_261' title='bbox 1285 2358 1370 2415; x_wconf 85' lang='grc' dir='ltr'>τὴν</span> <span class='ocrx_word' id='word_1_262' title='bbox 1399 2360 1623 2403; x_wconf 82' lang='grc' dir='ltr'><strong><em>παιδειαν</em></strong></span> <span class='ocrx_word' id='word_1_263' title='bbox 1655 2357 1797 2402; x_wconf 80' lang='grc' dir='ltr'><strong><em>αὐτὸν</em></strong></span> 
     </span>
     <span class='ocr_line' id='line_1_33' title="bbox 115 2415 1857 2474; baseline 0 -14"><span class='ocrx_word' id='word_1_264' title='bbox 115 2417 500 2472; x_wconf 81' lang='grc' dir='ltr'><strong><em>ἀποσκώψαντας.</em></strong></span> <span class='ocrx_word' id='word_1_265' title='bbox 566 2422 604 2461; x_wconf 87' lang='grc'>5.</span> <span class='ocrx_word' id='word_1_266' title='bbox 638 2418 745 2473; x_wconf 83' lang='grc' dir='ltr'><em>περὶ</em></span> <span class='ocrx_word' id='word_1_267' title='bbox 774 2434 857 2473; x_wconf 85' lang='grc' dir='ltr'>της</span> <span class='ocrx_word' id='word_1_268' title='bbox 886 2415 1107 2474; x_wconf 83' lang='grc' dir='ltr'><strong><em>τιμωρίας</em></strong></span> <span class='ocrx_word' id='word_1_269' title='bbox 1131 2415 1403 2462; x_wconf 83' lang='grc' dir='ltr'><strong><em>Ἰουλιανοῦ.</em></strong></span> <span class='ocrx_word' id='word_1_270' title='bbox 1468 2422 1506 2461; x_wconf 86' lang='grc'>6.</span> <span class='ocrx_word' id='word_1_271' title='bbox 1544 2417 1661 2472; x_wconf 83' lang='grc' dir='ltr'><em>πρὸς</em></span> <span class='ocrx_word' id='word_1_272' title='bbox 1689 2417 1799 2468; x_wconf 83' lang='grc' dir='ltr'><strong><em>τοὺς</em></strong></span> <span class='ocrx_word' id='word_1_273' title='bbox 1853 2450 1857 2453; x_wconf 58' lang='grc'><strong>«</strong></span> 
     </span>
     <span class='ocr_line' id='line_1_34' title="bbox 114 2475 1796 2534; baseline 0 -15"><span class='ocrx_word' id='word_1_274' title='bbox 114 2476 263 2534; x_wconf 84' lang='grc' dir='ltr'><strong><em>βαρὺν</em></strong></span> <span class='ocrx_word' id='word_1_275' title='bbox 296 2476 438 2520; x_wconf 80' lang='grc' dir='ltr'><strong><em>αὐτὸν</em></strong></span> <span class='ocrx_word' id='word_1_276' title='bbox 468 2475 764 2527; x_wconf 79' lang='grc' dir='ltr'><strong><em>καλέσαντας</em></strong></span> <span class='ocrx_word' id='word_1_277' title='bbox 829 2481 866 2519; x_wconf 82' lang='grc'>7.</span> <span class='ocrx_word' id='word_1_278' title='bbox 907 2477 1023 2532; x_wconf 81' lang='grc' dir='ltr'><em>πρὸς</em></span> <span class='ocrx_word' id='word_1_279' title='bbox 1053 2475 1308 2521; x_wconf 78' lang='grc' dir='ltr'><strong><em>Πολυκλέα.</em></strong></span> <span class='ocrx_word' id='word_1_280' title='bbox 1372 2481 1411 2521; x_wconf 93' lang='grc'>8.</span> <span class='ocrx_word' id='word_1_281' title='bbox 1452 2477 1560 2531; x_wconf 80' lang='grc' dir='ltr'><em>περὶ</em></span> <span class='ocrx_word' id='word_1_282' title='bbox 1590 2483 1682 2520; x_wconf 85' lang='grc' dir='ltr'>τῶν</span> <span class='ocrx_word' id='word_1_283' title='bbox 1714 2476 1796 2532; x_wconf 77' lang='grc' dir='ltr'>ἀγ-</span> 
     </span>
    </p>

    <p class='ocr_par' dir='ltr' id='par_1_8' title="bbox 116 2534 1796 2651">
     <span class='ocr_line' id='line_1_35' title="bbox 144 2534 1796 2593; baseline 0 -15"><span class='ocrx_word' id='word_1_284' title='bbox 144 2541 310 2588; x_wconf 81' lang='grc' dir='ltr'><strong><em>αρειῶν</em></strong></span> <span class='ocrx_word' id='word_1_285' title='bbox 343 2534 458 2590; x_wconf 79' lang='grc' dir='ltr'><strong>ὑπὲρ</strong></span> <span class='ocrx_word' id='word_1_286' title='bbox 489 2542 581 2579; x_wconf 83' lang='grc' dir='ltr'>τῶν</span> <span class='ocrx_word' id='word_1_287' title='bbox 612 2542 837 2593; x_wconf 80' lang='grc' dir='ltr'>γεωργῶν.</span> <span class='ocrx_word' id='word_1_288' title='bbox 903 2540 941 2579; x_wconf 87' lang='grc'>9.</span> <span class='ocrx_word' id='word_1_289' title='bbox 975 2534 1095 2580; x_wconf 78' lang='grc' dir='ltr'><strong><em>κατὰ</em></strong></span> <span class='ocrx_word' id='word_1_290' title='bbox 1122 2539 1396 2592; x_wconf 86' lang='grc' dir='ltr'><strong><em>Τισαμενοῦ.</em></strong></span> <span class='ocrx_word' id='word_1_291' title='bbox 1463 2539 1530 2579; x_wconf 93' lang='grc'>10.</span> <span class='ocrx_word' id='word_1_292' title='bbox 1563 2534 1678 2590; x_wconf 77' lang='grc' dir='ltr'>ὑπὲρ</span> <span class='ocrx_word' id='word_1_293' title='bbox 1703 2541 1796 2578; x_wconf 82' lang='grc' dir='ltr'>τῶν</span> 
     </span>
     <span class='ocr_line' id='line_1_36' title="bbox 116 2593 522 2651; baseline 0.005 -15"><span class='ocrx_word' id='word_1_294' title='bbox 116 2595 268 2651; x_wconf 86' lang='grc' dir='ltr'>ιερῶν)</span> <span class='ocrx_word' id='word_1_295' title='bbox 303 2593 522 2638; x_wconf 72' lang='lat' dir='ltr'>continet.</span> 
     </span>
    </p>

    <p class='ocr_par' dir='ltr' id='par_1_9' title="bbox 113 2652 1796 2886">
     <span class='ocr_line' id='line_1_37' title="bbox 233 2652 1796 2710; baseline 0 -15"><span class='ocrx_word' id='word_1_296' title='bbox 233 2655 276 2709; x_wconf 81' lang='lat'>2)</span> <span class='ocrx_word' id='word_1_297' title='bbox 315 2652 370 2695; x_wconf 91' lang='lat' dir='ltr'>H.</span> <span class='ocrx_word' id='word_1_298' title='bbox 396 2652 612 2706; x_wconf 83' lang='lat' dir='ltr'>Wolfius,</span> <span class='ocrx_word' id='word_1_299' title='bbox 645 2653 967 2697; x_wconf 89' lang='lat' dir='ltr'>Bibliothecae</span> <span class='ocrx_word' id='word_1_300' title='bbox 997 2653 1303 2710; x_wconf 87' lang='lat' dir='ltr'>Reipublicae</span> <span class='ocrx_word' id='word_1_301' title='bbox 1334 2654 1638 2710; x_wconf 86' lang='lat' dir='ltr'>Augustanae</span> <span class='ocrx_word' id='word_1_302' title='bbox 1669 2654 1796 2696; x_wconf 87' lang='lat' dir='ltr'>cata-</span> 
     </span>
     <span class='ocr_line' id='line_1_38' title="bbox 115 2688 1796 2779; baseline 0.001 -25"><span class='ocrx_word' id='word_1_303' title='bbox 115 2709 264 2778; x_wconf 83' lang='lat' dir='ltr'>logus,</span> <span class='ocrx_word' id='word_1_304' title='bbox 295 2711 491 2779; x_wconf 79' lang='lat' dir='ltr'>August.</span> <span class='ocrx_word' id='word_1_305' title='bbox 510 2688 693 2756; x_wconf 72' lang='lat' dir='ltr'>Vindel.</span> <span class='ocrx_word' id='word_1_306' title='bbox 723 2716 835 2757; x_wconf 79' lang='lat'>1575</span> <span class='ocrx_word' id='word_1_307' title='bbox 860 2714 1010 2770; x_wconf 78' lang='lat'>(1600)</span> <span class='ocrx_word' id='word_1_308' title='bbox 1043 2727 1086 2756; x_wconf 91' lang='grc'>11.</span> <span class='ocrx_word' id='word_1_309' title='bbox 1117 2718 1198 2756; x_wconf 91' lang='grc'>111</span> <span class='ocrx_word' id='word_1_310' title='bbox 1241 2714 1438 2758; x_wconf 82' lang='lat' dir='ltr'>Libauii</span> <span class='ocrx_word' id='word_1_311' title='bbox 1475 2713 1664 2756; x_wconf 81' lang='lat' dir='ltr'>rhetoris</span> <span class='ocrx_word' id='word_1_312' title='bbox 1689 2712 1796 2767; x_wconf 78' lang='lat' dir='ltr'>plu-</span> 
     </span>
     <span class='ocr_line' id='line_1_39' title="bbox 113 2770 1796 2816; baseline 0 -3"><span class='ocrx_word' id='word_1_313' title='bbox 113 2770 256 2814; x_wconf 81' lang='lat' dir='ltr'>rimae</span> <span class='ocrx_word' id='word_1_314' title='bbox 294 2771 520 2815; x_wconf 71' lang='lat' dir='ltr'>orationes</span> <span class='ocrx_word' id='word_1_315' title='bbox 558 2777 600 2815; x_wconf 84' lang='lat' dir='ltr'>et</span> <span class='ocrx_word' id='word_1_316' title='bbox 637 2772 994 2816; x_wconf 79' lang='lat' dir='ltr'>declamationes.</span> <span class='ocrx_word' id='word_1_317' title='bbox 1066 2773 1172 2816; x_wconf 86' lang='lat' dir='ltr'>Has</span> <span class='ocrx_word' id='word_1_318' title='bbox 1209 2771 1367 2816; x_wconf 74' lang='lat' dir='ltr'>Simon</span> <span class='ocrx_word' id='word_1_319' title='bbox 1406 2772 1655 2816; x_wconf 76' lang='lat' dir='ltr'>Fabricius</span> <span class='ocrx_word' id='word_1_320' title='bbox 1692 2784 1796 2814; x_wconf 78' lang='lat' dir='ltr'>con-</span> 
     </span>
     <span class='ocr_line' id='line_1_40' title="bbox 114 2828 582 2886; baseline 0.004 -14"><span class='ocrx_word' id='word_1_321' title='bbox 114 2828 349 2873; x_wconf 78' lang='lat' dir='ltr'>vertendas</span> <span class='ocrx_word' id='word_1_322' title='bbox 378 2831 582 2886; x_wconf 78' lang='lat' dir='ltr'>suscepit.</span> 
     </span>
    </p>
   </div>
   <div class='ocr_carea' id='block_1_5' title="bbox 115 2886 1796 3003">
    <p class='ocr_par' dir='ltr' id='par_1_10' title="bbox 115 2886 1796 3003">
     <span class='ocr_line' id='line_1_41' title="bbox 115 2886 1796 2991; baseline 0 -61"><span class='ocrx_word' id='word_1_323' title='bbox 115 2948 225 2988; x_wconf 66' lang='lat'>238</span> <span class='ocrx_word' id='word_1_324' title='bbox 204 2889 298 2989; x_wconf 65' lang='grc' dir='ltr'>3)ἐ</span> <span class='ocrx_word' id='word_1_325' title='bbox 314 2887 491 2991; x_wconf 67' lang='grc' dir='ltr'>Εειᾱθθω</span> <span class='ocrx_word' id='word_1_326' title='bbox 532 2902 675 2933; x_wconf 85' lang='lat' dir='ltr'>manu</span> <span class='ocrx_word' id='word_1_327' title='bbox 719 2889 943 2945; x_wconf 89' lang='lat' dir='ltr'>scriptum</span> <span class='ocrx_word' id='word_1_328' title='bbox 987 2891 1058 2934; x_wconf 84' lang='lat' dir='ltr'>est</span> <span class='ocrx_word' id='word_1_329' title='bbox 1099 2890 1149 2935; x_wconf 89' lang='lat' dir='ltr'>in</span> <span class='ocrx_word' id='word_1_330' title='bbox 1186 2889 1396 2946; x_wconf 82' lang='lat' dir='ltr'>margine</span> <span class='ocrx_word' id='word_1_331' title='bbox 1436 2888 1654 2933; x_wconf 87' lang='lat' dir='ltr'>inferiore</span> <span class='ocrx_word' id='word_1_332' title='bbox 1693 2886 1796 2931; x_wconf 88' lang='lat' dir='ltr'>folii</span> 
     </span>
     <span class='ocr_line' id='line_1_42' title="bbox 300 2963 464 3003; baseline 0.006 -13"><span class='ocrx_word' id='word_1_333' title='bbox 300 2963 363 3003; x_wconf 78' lang='lat' dir='ltr'>you</span> <span class='ocrx_word' id='word_1_334' title='bbox 430 2964 464 2991; x_wconf 90' lang='grc' dir='ltr'>ω</span> 
     </span>
    </p>
   </div>
  </div>
 </body>
</html>
