2026 3168
171 123 275 176 138
707 121 942 166 LIBANII
972 121 1315 168 ORATIONES

168 258 197 312 ὁ
236 260 499 328 σοφιστὴς
529 258 619 311 καὶ
652 259 985 327 διαφθείρας
1024 256 1136 326 μετ’
1175 257 1391 311 ἐκείνου
1422 259 1523 327 τὴν
1552 261 1851 328 παροιμίαν

167 349 328 401 κοινὰ
384 349 451 400 τὰ
503 355 615 400 τῶν
664 346 888 417 ἐχθρῶν
940 346 1307 415 ποιησάμενος
1361 345 1452 399 κᾶὶ
1514 347 1726 417 ῥήματα
1785 348 1851 400 τὰ

165 438 341 489 πολλὰ
387 433 489 505 μὲν
537 436 613 498 εἰς
660 436 847 505 χώραν
892 436 993 503 τὴν
1039 434 1292 503 ἀλλήλων
1337 434 1610 504 μεταθεὶς,
1650 437 1852 507 σμικρὰ

167 525 229 577 δὲ
290 525 421 577 ἄττα
481 523 734 592 ἐμβαλὼν
795 528 948 576 καλεῖ
1016 520 1119 590 μὲν
1179 523 1267 576 ἐπὶ
1327 524 1388 576 τὸ
1450 523 1583 577 αὐτὸ
1647 526 1851 595 χωρίον

121 634 141 666 5
164 611 557 683 παραλυθέντα
612 620 706 681 τῆς
760 612 943 681 ἀρχῆς,
1001 613 1072 675 ὡς
1129 613 1196 681 δὴ
1248 612 1309 664 τὸ
1367 617 1491 665 ἴσον
1544 613 1850 681 οἰσόμενον.

168 702 287 754 114.
327 700 551 771 τέρατος
591 699 652 754 δὲ
692 698 834 754 εἶναι
874 708 973 753 τοῦ
1005 701 1321 771 πράγματος
1353 702 1654 764 δοκοῦντος
1685 702 1851 770 χελώ-

164 810 263 858 νης
302 791 472 843 ἵππου
512 790 662 859 τάχει
701 788 983 859 χρωμένης
1021 789 1222 857 μηνύει
1268 808 1350 851 τις
1387 796 1486 841 τοῦ
1533 791 1703 857 λόγου
1749 791 1850 859 τὴν

163 887 382 949 πρᾶσιν,
421 877 512 930 καὶ
552 878 581 931 ὁ
621 879 683 930 τὸ
723 881 956 948 χρυσίον
995 876 1136 947 ἔχων
1175 878 1248 940 ὡς
1287 874 1399 930 εἶδε
1438 878 1534 940 τὰς
1564 879 1845 948 μάστιγας,

165 967 423 1035 ὁμολογεῖ
459 986 515 1019 τε
554 965 645 1019 καὶ
686 967 915 1019 ἱκετεύει
956 967 1293 1034 συγγνώμην
1324 968 1469 1035 ἔχειν
1509 967 1655 1039 αὑτῷ
1687 968 1850 1035 μεγά-

98 1077 140 1110 1o
166 1059 263 1125 λης
300 1054 591 1125 ἡττηθέντι
631 1062 803 1123 τιμῆς.
866 1055 940 1117 ὡς
973 1050 1078 1107 οὖν
1108 1055 1180 1123 μὴ
1221 1054 1400 1122 ὀλίγοι
1432 1063 1603 1107 ταῦτα
1635 1056 1850 1124 εἰδεῖεν,

74 1157 117 1200 R
140 1162 192 1200 79
227 1146 339 1212 ἄγω
391 1144 490 1197 τὸν
524 1141 530 1215 Ι
575 1151 826 1214 πρατῆρα
863 1151 964 1196 τοῦ
1004 1146 1173 1211 λόγου
1212 1144 1359 1213 παρὰ
1397 1144 1496 1196 τὸν
1534 1143 1850 1213 Νικέντιον,

96 1519 137 1553 15

165 1228 231 1286 οὗ
254 1230 325 1302 ἦν
349 1233 381 1302 ἡ
407 1232 543 1303 ἀρχὴ
562 1233 785 1302 Σύρων,
817 1231 908 1284 καὶ
938 1232 966 1285 ὁ
993 1233 1291 1302 ἄνθρωπος
1321 1234 1498 1285 καίτοι
1530 1234 1850 1303 προσδοκω-

163 1321 329 1390 μένης
369 1325 556 1390 ζημίας
587 1322 733 1389 ὅμως
764 1320 1023 1390 ὁμολογεῖ
1053 1328 1224 1373 ταῦτα
1254 1319 1345 1373 καὶ
1379 1320 1564 1383 ἀθῶος
1595 1321 1850 1390 ἀπῆλθεν

164 1408 332 1464 οὐδὲν
377 1409 511 1479 ἐμοῦ
556 1409 1001 1480 προσδεηθέντος
1041 1410 1202 1478 δίκην
1250 1412 1454 1478 λαβεῖν.
1535 1409 1653 1462 115.
1710 1410 1739 1464 ὁ
1789 1407 1850 1463 δὲ

163 1498 549 1569 ἀνδρειότατος
589 1506 874 1567 σοφιστῶν
921 1497 1128 1560 ἐκεῖνος
1168 1497 1289 1550 οὐδ’
1337 1498 1512 1561 οὕτως
1550 1499 1846 1568 ἡσύχασεν,

164 1585 280 1640 ἀλλ’
347 1583 516 1650 αὖθις
586 1588 652 1639 τὰ
722 1586 980 1657 εἰρημένα
1050 1586 1447 1655 ἐμυθολόγευε,
1516 1587 1607 1640 καὶ
1678 1595 1848 1640 ταῦτα

163 1675 225 1729 ἐν
277 1684 341 1746 τῇ
403 1683 502 1728 τοῦ
553 1678 903 1745 Στρατηγίου
957 1683 1259 1745 καταγωγῇ.
1351 1675 1442 1728 καὶ
1497 1676 1526 1729 ὁ
1577 1673 1678 1744 μὲν
1734 1675 1849 1744 ἐξή-

165 1768 348 1833 λασεν,
381 1763 681 1834 Ἑρμογένη
723 1761 785 1817 δὲ
822 1765 922 1817 τὸν
959 1765 1061 1832 τὴν
1100 1763 1274 1834 ἀρχὴν
1307 1762 1667 1832 ἐκδεξάμενον
1705 1764 1852 1836 αὐτῷ

285 1945 338 1983 16
374 1938 456 1983 od.
491 1957 522 1996 μ
546 1944 630 1983 453

285 2105 307 2143 1
343 2101 522 2146 ἐκεῖνον
554 2102 598 2145 L
719 2106 743 2144 2
777 2100 834 2144 τὰ
866 2114 941 2144 om
973 2101 1019 2143 B
1047 2101 1053 2158 Ι
1095 2099 1152 2144 τὰ
1184 2115 1259 2144 om
1290 2103 1334 2145 L
1456 2106 1481 2144 3
1511 2098 1601 2145 τιν’
1632 2101 1803 2156 manv?
1841 2101 1846 2159 Ι

164 2159 304 2215 μικρὰ
330 2161 374 2204 V
487 2165 515 2203 4
548 2160 661 2203 ἄττα
692 2159 742 2203 in
774 2159 887 2203 ἅττα
920 2173 1021 2203 corr
1054 2159 1116 2204 0²
1193 2159 1306 2203 ἄττα
1338 2161 1474 2204 PVL
1505 2160 1607 2203 Mor
1636 2161 1704 2203 Re
1732 2162 1740 2216 Ι
1765 2158 1848 2216 μὲν

164 2218 417 2278 (ἐκεῖνον)
444 2219 549 2263 ἐπὶῖ
671 2223 696 2262 5
731 2217 974 2275 οἰσόμενον
998 2219 1067 2262 Re
1140 2217 1380 2276 οἰσόμενος
1408 2219 1519 2262 libri
1549 2219 1659 2262 Feri·
1689 2218 1790 2261 Mor

165 2282 190 2320 6
222 2285 303 2321 τοῦ
337 2291 361 2320 e
391 2285 527 2322 τοῦτο
553 2292 654 2322 corr
680 2278 719 2322 Ο
773 2278 939 2321 τούτου
970 2285 1052 2321 τοῦ
1086 2279 1129 2322 L
1247 2284 1270 2321 7
1303 2276 1372 2328 τίς
1402 2279 1495 2322 AB
1615 2282 1641 2320 8
1673 2276 1847 2333 πράσιν

162 2336 272 2379 libri
311 2336 403 2380 edd
545 2341 570 2379 9
611 2337 735 2394 αὐτῷ
774 2337 883 2380 libri
930 2337 1020 2380 edd.
1173 2341 1227 2380 10
1259 2337 1319 2394 μὴ
1357 2335 1502 2393 ὀλίγοι
1540 2337 1703 2392 scripsi
1744 2350 1848 2379 cum

162 2395 263 2438 Mor
295 2409 320 2438 e
346 2397 427 2439 VL
458 2396 568 2439 Fen·
599 2396 647 2438 in
678 2410 812 2453 marg
878 2396 1039 2439 πολλοὶ
1068 2396 1206 2440 ΑΡΒ
1239 2398 1304 2453 (et
1333 2396 1491 2449 Patm,
1525 2396 1605 2438 sed
1636 2395 1684 2437 in
1715 2409 1849 2453 marg

163 2454 213 2498 ἐν
253 2453 370 2497 ἄλλω
409 2454 469 2510 μὴ
511 2453 671 2512 ὀλίγοι)
709 2455 821 2498 Ferr
851 2455 918 2498 Re
1008 2457 1169 2499 πολλοι
1207 2455 1245 2500 Ο
1283 2455 1364 2498 sed
1405 2457 1518 2498 πολλ
1560 2469 1618 2497 m.
1656 2467 1744 2497 rec.
1783 2456 1846 2511 (p)

162 2513 213 2555 in
250 2525 413 2556 rasura
452 2513 657 2570 quinque
695 2514 791 2557 fere
829 2513 1091 2557 litterarum
1242 2518 1294 2556 11
1337 2514 1423 2571 ἐγὼ
1455 2515 1499 2557 L
1541 2514 1546 2571 Ι
1599 2511 1847 2557 Νικέντιον

164 2571 328 2627 scripsi
360 2571 461 2615 coll.
496 2586 566 2628 ep.
594 2577 649 2615 20
682 2587 786 2616 cum
817 2573 1005 2616 Valesio
1039 2573 1099 2615 ad
1129 2572 1278 2615 Amm.
1304 2573 1364 2615 M.
1398 2571 1503 2615 XIV
1529 2577 1551 2615 7
1585 2587 1628 2627 p.
1657 2576 1711 2614 32
1744 2585 1769 2615 e
1801 2574 1846 2616 B

165 2632 212 2674 et
236 2643 461 2687 suprascr.
496 2645 636 2687 supra.
667 2630 906 2675 νοκέντιον
931 2631 1002 2675 1³2
1063 2630 1303 2675 νοκέντιον
1320 2631 1415 2676 ΑΟ
1435 2631 1565 2673 edff‘
1587 2629 1846 2675 ἰνοκέντιον

173 2691 217 2733 V
242 2691 306 2745 (et
337 2690 481 2732 codex
512 2704 603 2745 quo
634 2705 743 2733 usus
776 2691 847 2733 est
870 2690 1102 2747 Valesius>
1164 2689 1451 2734 ἰννοκέντιον
1483 2690 1526 2733 L
1642 2694 1694 2732 13
1729 2690 1846 2746 ὡμο-

163 2746 286 2804 λόγει
316 2749 384 2791 Re
415 2748 555 2791 Anim
671 2753 725 2791 14
758 2746 895 2804 δίκην
928 2763 1003 2792 om
1035 2751 1078 2793 L
1200 2753 1253 2791 16
1286 2748 1368 2800 τὰς
1400 2746 1643 2805 εἰρημένας
1674 2750 1717 2792 L
1789 2748 1846 2792 τὰ

164 2805 370 2866 ᾑρημένα
408 2807 475 2850 Re
506 2807 645 2850 Anim
681 2808 686 2865 Ι
734 2806 1040 2865 ἐμυθολόγευε
1081 2807 1243 2863 scripsi
1283 2807 1383 2850 coll.
1420 2806 1502 2850 od.
1537 2824 1568 2863 μ
1590 2812 1676 2850 453
1717 2803 1848 2857 αὖτις

163 2865 386 2921 ἀριζήλως
409 2864 628 2922 εἰρημένα
652 2867 985 2923 μυθολογεύειν
1046 2865 1320 2923 ἐμυθολόγει
1347 2866 1454 2909 libri
1480 2865 1570 2909 edd
1678 2871 1730 2909 17
1763 2873 1844 2910 τοῦ

164 2938 239 2968 om
270 2925 372 2968 Mor
401 2925 470 2968 Re
593 2930 647 2968 18
677 2925 759 2969 τὸν
792 2939 867 2968 om
898 2927 987 2969 PB
