2026 3168
720 137 950 181 LIBANII
979 135 1322 181 ORATIONES
1759 138 1864 189 163

182 270 284 343 μὲν
328 273 564 343 χρηστὸν
609 273 670 325 τὸ
715 273 786 342 μὴ
835 279 911 344 τῷ
941 272 1211 344 ’τυράννῳ
1257 275 1388 335 τοὺς
1434 278 1533 326 τοῦ
1581 272 1862 342 τυράννου

182 365 383 430 φίλους
429 360 836 414 ἐπαποκτεῖναι·
884 359 1001 413 ἐπεὶ
1046 359 1139 413 καὶ
1186 359 1216 414 ὁ
1253 358 1610 429 Ἀνδρονίκου
1652 361 1863 428 τούμοῦ

182 452 352 518 φίλου
391 450 632 511 θάνατος
666 448 862 518 Ἰερίου
900 454 1128 517 μᾶλλον,
1166 457 1262 517 τῆς
1294 449 1592 517 ἀλώπεκος,
1631 447 1798 519 ἔργον
1828 448 1862 517 ἢ

180 545 279 591 τοῦ
317 538 844 607 παρακρουσθέντος
882 533 966 606 ἧν.
1043 537 1348 606 ἀσφάλειαν
1395 538 1456 590 δὲ
1493 546 1589 606 τῆς
1626 540 1863 607 πρᾳότη-

179 646 271 688 τος
309 624 590 694 ἐωνῆσθαι
622 629 859 693 νομίζων
892 622 1052 697 εὗρεν
1083 625 1274 695 ἕτερον
1307 628 1488 695 λόχον,
1526 627 1864 679 Φιδούστιόν
1911 648 1930 680 5

178 734 247 767 τε.
274 713 365 768 καὶ
405 715 502 778 οὓς
542 713 751 777 ἐκεῖνος
783 713 1113 783 ἐπανέστησε
1144 721 1219 786 τῷ
1252 717 1523 787 σκήπτρῳ,
1556 714 1645 768 καὶ
1677 714 1866 785 ἐχώρει

177 800 279 872 μὲν
318 805 410 857 διὰ
446 814 558 857 τῶν
595 805 938 873 ἠδικηκότων
977 803 1006 857 ὁ
1038 805 1295 871 βασιλεὺς
1335 805 1436 872 τὴν
1468 804 1658 875 ἀρχήν,
1697 819 1864 873 προσ-

178 895 392 945 ετίθετο
434 892 499 945 δέ
533 913 615 954 τις
660 891 751 944 καὶ
798 902 908 945 τῶν
955 889 1123 945 οὐδὲν
1168 900 1427 945 τοιοῦτον
1474 891 1866 962 ἐπισταμένων.

179 981 372 1047 μάντις
409 1001 467 1034 τε
506 982 645 1043 ἅπας
684 980 885 1050 ἐχθρὸς
925 981 1031 1052 ὅτῳ
1078 1000 1136 1033 τε
1175 979 1366 1049 ἐδέησε
1405 989 1502 1050 τῆς
1547 980 1739 1050 τέχνης
1782 981 1865 1033 δι-

179 1070 488 1122 δάσκεσθαί
529 1089 581 1122 τι
629 1068 754 1139 περὶ
800 1079 911 1122 τῶν
960 1070 1124 1122 ἰδίων
1168 1078 1280 1122 τῶν
1326 1069 1497 1122 αὐτοῦ
1552 1070 1700 1138 παρὰ
1752 1077 1863 1122 τῶν
1888 1092 1930 1124 10

177 1163 330 1211 θεῶν
367 1157 713 1229 βουλομένῳ·
751 1159 989 1227 χαλεπὸν
1028 1159 1131 1227 γὰρ
1174 1159 1241 1226 δὴ
1274 1156 1454 1211 ἐδόκει
1487 1154 1628 1211 εἶναι
1659 1160 1863 1227 παρόν-

176 1267 269 1309 τος
291 1248 534 1315 μάντεως
557 1248 630 1316 μὴ
662 1248 731 1300 ἄν
764 1267 888 1300 τινα
918 1247 1007 1300 καὶ
1040 1245 1130 1299 ἐπὶ
1155 1255 1269 1309 τοῖς
1290 1249 1497 1314 μείζοσι
1521 1245 1859 1319 χρήσασθαιΙ

176 1343 251 1407 τῷ
277 1335 454 1403 ἀνδρί.
513 1336 632 1387 172.
665 1337 765 1404 τὴν
795 1334 1013 1388 ἐκείνου
1047 1335 1108 1388 δὲ
1136 1335 1313 1404 ὁρμὴν
1345 1337 1398 1388 οἱ
1431 1336 1773 1404 συκοφάνται
1802 1348 1844 1391 R
1867 1354 1951 1392 114

177 1426 438 1491 λαβόντες
482 1425 660 1477 πάντα
708 1424 920 1478 ἐκύκων
966 1423 1056 1477 ἐπὶ
1102 1426 1309 1487 πάντας
1358 1426 1550 1487 ἰόντες.
1627 1423 1762 1488 δόξα
1805 1445 1861 1478 τε

177 1509 247 1580 ἦν
284 1514 430 1583 παρὰ
468 1520 543 1585 τῷ
576 1514 811 1566 Βάλεντι
856 1515 1081 1582 φθόνου
1125 1515 1226 1582 τὴν
1273 1511 1439 1577 δόξαν
1485 1516 1862 1583 πεποιηκότος,
1887 1535 1929 1568 15

173 1602 391 1664 πάντως
430 1600 500 1654 ἂν
538 1604 616 1664 εἰς
654 1599 883 1671 ἔλεγχόν
920 1621 986 1670 με
1024 1611 1213 1655 πεσεῖν
1253 1600 1323 1654 δι’
1372 1602 1496 1664 ἑνός
1526 1602 1592 1671 γε’
1618 1623 1719 1656 του
1750 1611 1861 1655 τῶν
1998 1596 2001 1597 ⁷

176 1689 284 1742 ὑπὸ
339 1691 441 1759 τὴν
493 1691 742 1758 βάσανον
798 1690 1098 1759 ἀγομένων.
1175 1690 1387 1759 λέγεται
1442 1688 1504 1743 δὲ
1556 1689 1648 1744 καὶ
1696 1692 1861 1755 αὐτὸς

176 1777 399 1847 ἐρέσθαι
438 1780 536 1832 τὸν
574 1781 898 1849 Εἰρηναῖον,
938 1782 989 1831 εί
1024 1789 1275 1848 μετεῖχον
1321 1788 1422 1832 τοῦ
1461 1778 1859 1847 ἐπιβουλεύμα-

177 1887 285 1934 τος,
338 1869 623 1936 θαυμάσαι
676 1888 734 1920 τε
790 1869 856 1920 οὐ
909 1878 1198 1937 μετασχεῖν
1252 1868 1505 1931 ἀκούσας.
1593 1868 1713 1920 173.
1769 1868 1859 1921 καὶ

173 1963 402 2024 μαντικῇ
442 1951 542 2023 μὲν
582 1949 710 2008 οἶδα
746 1956 923 2025 χάριν,
969 1957 1003 2024 ἥ
1042 1976 1136 2025 μοι
1181 1957 1283 2024 τὴν
1327 1957 1573 2025 κεφαλὴν
1620 1956 1679 2009 ἐν
1724 1975 1859 2028 πρᾳ-
1883 1980 1926 2012 20

175 2043 385 2112 οτέροις
438 2042 789 2112 κατέστησεν,
852 2045 955 2116 ὅτῳ
1009 2065 1067 2098 τε
1128 2044 1392 2114 χρηστέον
1450 2044 1539 2098 καὶ
1587 2045 1708 2117 ,ὅτῳ
1768 2048 1858 2115 μή,

176 2133 482 2201 φράζουσα,
569 2134 670 2200 τὴν
739 2135 984 2202 κεφαλὴν
1053 2132 1103 2186 δ’
1171 2132 1241 2185 ἂν
1310 2133 1713 2203 ἀπετεμνόμην,
1786 2135 1858 2198 ὡς

177 2221 493 2289 δεινότερον
542 2222 609 2274 ὃν
658 2229 758 2274 τοῦ
810 2222 1152 2275 ἀπολωλέναι
1208 2223 1270 2274 τὸ
1332 2223 1502 2293 ταύτῃ
1562 2228 1855 2276 σεσῶσθαι.

293 2358 312 2394 1
348 2352 498 2396 Amm.
532 2351 680 2395 XXVI
713 2357 752 2406 9,
786 2356 810 2395 8
837 2367 902 2408 sq.
1056 2357 1081 2395 2
1118 2366 1180 2397 or.
1214 2353 1336 2397 LXV
1366 2355 1398 2397 t.
1432 2353 1496 2396 HI
1526 2358 1628 2407 454,
1663 2358 1683 2396 1
1713 2368 1780 2411 sq.

173 2416 199 2454 5
229 2411 378 2455 Amm.
412 2411 559 2454 XXIX
594 2417 632 2465 1,
666 2416 690 2455 6
717 2426 782 2467 sq.

291 2534 313 2573 1
339 2530 410 2604 τὸ]
435 2538 497 2574 τῶ
522 2531 566 2574 L
593 2532 599 2586 Ι
625 2536 707 2573 τοῦ
735 2543 811 2572 om
834 2530 971 2573 APB
1078 2534 1102 2571 2
1137 2529 1180 2587 ὁ]
1214 2536 1294 2574 τοῦ
1327 2531 1372 2574 L
1399 2530 1405 2588 Ι
1431 2537 1514 2573 τοῦ
1540 2526 1650 2585 ’μοῦ
1674 2530 1854 2574 ACPL

232 2593 258 2632 3
291 2588 459 2644 ἱερειου
486 2590 567 2633 VL
710 2593 735 2631 9
767 2605 814 2632 τε
848 2602 922 2631 om
953 2589 996 2632 L
1141 2594 1194 2631 10
1227 2589 1330 2644 περὶ
1364 2604 1438 2632 om
1471 2591 1516 2633 B
1550 2590 1556 2647 Ι
1600 2587 1732 2633 ἰδίων
1762 2596 1854 2633 τῶν

173 2661 247 2690 om
278 2649 324 2692 B
454 2653 506 2691 11
540 2646 830 2705 βουλομένων
861 2649 904 2691 L
1035 2651 1088 2690 15
1130 2646 1336 2705 φθόνου]
1370 2647 1521 2705 φόβου
1553 2647 1626 2691 vel
1657 2647 1854 2692 ὁτουοῦν

172 2705 441 2758 MSchmidt
469 2706 636 2750 Philol.
668 2706 709 2749 X
735 2711 818 2750 612
896 2704 1085 2762 φθόνου
1116 2722 1164 2750 τε
1194 2706 1278 2762 τὴν
1309 2709 1353 2751 L
1488 2712 1541 2750 16
1573 2704 1633 2751 ἂν
1664 2707 1775 2750 Fert
1803 2706 1851 2750 in

172 2778 305 2822 marg
357 2778 432 2808 om
462 2766 643 2810 AGPB
687 2766 692 2823 Ι
741 2782 824 2809 του
855 2773 945 2808 τῶν
969 2766 1011 2808 V
1036 2766 1083 2808 et
1114 2767 1233 2821 (corr
1264 2779 1288 2809 e
1319 2772 1400 2809 τοῦ
1430 2767 1540 2822 τῶν)
1571 2766 1615 2808 Α
1648 2768 1695 2809 et
1725 2765 1793 2809 Re

171 2830 254 2866 τοῦ
285 2831 376 2868 τῶν
410 2825 448 2869 G
473 2825 584 2867 Ferr
654 2832 827 2868 τουτῶν
860 2825 948 2867 ΡΒ
1030 2824 1205 2869 τούτων
1237 2826 1280 2868 L
1310 2825 1421 2868 Fen·
1450 2825 1499 2867 in
1529 2837 1664 2881 marg
1693 2825 1795 2868 Mor

172 2882 452 2983 {Sll‘psoeffoct
475 2884 518 2926 V
603 2888 657 2926 22
691 2884 752 2934 ὡς
781 2910 838 2915 -
871 2888 926 2926 23
959 2879 1031 2940 ὃν]
1067 2881 1175 2927 ὅσον
1207 2884 1257 2928 δὲ
1289 2883 1553 2938 δεινότερον
1584 2883 1852 2927 Μὸοὶιωίἀίῑ

192 2975 201 2984 .
256 2977 264 2984 .
386 2946 440 2983 22
473 2936 531 2997 ἦν
563 2943 606 2985 L

1501 3015 1585 3058 11*
