2026 3168
190 118 297 170 316
731 119 959 163 LIBANII
991 118 1333 164 ORATIONES

189 275 367 321 μνονα
398 255 625 308 κάλλιον
657 256 826 324 αὐτῆς
857 256 1080 308 εἰπόντα
1110 257 1303 323 βαλεῖν
1333 258 1433 326 τὴν
1464 255 1673 326 ἔλαφον
1713 257 1880 325 ἀναγ·

188 343 400 396 κάσασα
444 351 519 416 τῷ
567 346 733 415 βωμῷ
786 345 887 412 τὴν
940 345 1111 397 παῖδα
1162 356 1536 414 προσαγαγεῖν
1588 343 1727 415 ὑπὲρ
1780 355 1878 415 τῆς

191 430 495 499 ἀναγωγῆς,
533 432 604 499 ἣν
635 429 847 499 ἐπεῖχεν
885 431 918 499 ἡ
958 432 1093 493 θεὸς
1132 430 1330 502 ἀπλοίᾳ
1360 434 1462 501 τὴν
1492 434 1880 503 ὑπερηφανίαν

146 542 168 572 4
191 520 498 583 κολάζουσα
534 519 887 589 πειθομένων
927 520 1063 590 αὐτῇ
1101 529 1213 573 τῶν
1252 520 1469 589 ἀνέμων
1509 523 1607 592 οὐχ
1648 519 1812 591 ἧττον
1843 523 1876 592 ἢ

100 622 141 664 R
166 625 251 664 235
283 614 358 680 τῷ
376 609 579 680 Αἰόλῳ,
602 615 677 679 τῷ
710 617 870 677 σφῶν
894 609 1078 662 αὐτῶν
1101 612 1283 680 ταμίᾳ,
1316 605 1382 662 οὗ
1418 608 1424 680 Ι
1461 612 1528 679 δὴ
1559 610 1650 664 καὶ
1683 616 1879 681 φιλαντ

186 700 448 767 θρωπίαν
486 695 768 764 κατέμιξεν
806 698 839 766 ἡ
877 698 1009 760 θεὸς
1045 706 1447 765 μετενεγκοῦσα
1485 700 1546 752 τὸ
1579 698 1738 768 ξίφος
1769 700 1875 754 ἀπὸ

188 794 282 855 τῆς
319 788 484 856 κόρης
523 784 604 838 ἐπ’
651 788 879 855 ἔλαφον,
941 787 1032 839 καὶ
1081 785 1114 854 ἡ
1166 782 1267 853 μὲν
1305 787 1595 856 ἠφάνιστο,
1645 789 1679 856 ἡ
1725 792 1879 860 κόρη,

187 875 219 943 ἡ
261 871 323 927 δὲ
360 870 430 942 ἧν
470 874 530 927 έν
569 878 774 945 χερσίν,
823 875 856 943 ἡ
907 877 1124 944 ἔλαφος.
1202 874 1287 927 39.
1340 874 1528 946 ἕτερον
1575 877 1637 930 δὲ
1687 877 1878 944 ὅμοιόν

186 984 245 1016 τε
282 965 373 1016 καὶ
412 963 512 1032 οὐχ
552 963 767 1030 ὅμοιον·
809 963 948 1033 ἀνήρ
988 983 1071 1026 τις
1108 964 1234 1034 περὶ
1259 962 1498 1017 Ἰταλίαν
1529 966 1662 1028 συὸς
1697 974 1878 1036 χρῆμα

124 1075 166 1107 10
189 1052 451 1121 μέγιστον
501 1051 659 1120 ἑλών,
711 1051 842 1105 ἀλλ’
901 1052 975 1105 οὐ
1027 1060 1149 1106 νῦν
1199 1072 1293 1121 γε,
1344 1055 1449 1122 ε”φη
1495 1055 1634 1123 πρὸς
1680 1054 1879 1108 ἑαυτὸν

187 1141 382 1210 λέγων,
420 1150 528 1210 τῆς
553 1140 928 1211 Ἀρτέμιδος
967 1144 1148 1194 ἔσται
1186 1149 1301 1195 τοῦ
1344 1143 1501 1205 συὸς
1539 1144 1572 1211 ἡ
1603 1146 1879 1212 κεφαλή,

187 1236 268 1302 τῷ
315 1229 365 1282 δ’
421 1227 693 1301 ᾑρηκότι
742 1238 935 1284 τοῦτο
989 1230 1407 1284 ἀνακείσεται
1462 1230 1618 1298 ἐμοί.
1706 1240 1879 1286 ταῦτα

188 1320 362 1372 εἰπὼν
402 1318 460 1372 ἐκ
513 1319 751 1390 δένδρου
803 1320 905 1388 τὴν
954 1320 1203 1388 κεφαλὴν
1243 1319 1551 1390 ἀναρτήσας
1596 1320 1688 1373 ὑπ’
1735 1322 1875 1392 αὐτῇ

188 1410 431 1462 καθεῦδε
469 1410 808 1479 μεσημβρίας
845 1408 1100 1477 ἡκούσης,
1139 1409 1171 1477 ἡ
1211 1405 1272 1461 δὲ
1311 1407 1400 1462 ἐπὶ
1439 1410 1500 1462 τὸ
1534 1416 1741 1478 στῆθος
1776 1418 1878 1463 τοῦ

122 1518 162 1551 15
189 1499 393 1565 δεσμοῦ
442 1497 712 1560 λυθέντος
758 1504 1006 1550 πεσοῦσα
1046 1499 1247 1550 κτείνει
1285 1498 1383 1551 τὸν
1420 1500 1743 1569 τιμιώτερον
1781 1506 1879 1566 τῆς

187 1592 327 1639 θεοῦ
366 1585 688 1654 κυνηγέτην.

297 1675 384 1727 40.
432 1674 716 1743 Τιμωμένη
757 1675 817 1727 δὲ
855 1675 975 1743 ἥτις
1014 1673 1181 1743 ἐστίν,
1222 1675 1270 1728 εἰ
1299 1676 1467 1729 πάλιν
1499 1675 1724 1728 ἀκούειν
1755 1675 1878 1729 ε’θέ-

188 1770 353 1832 λοιτε,
403 1764 693 1830 μέλλοντες
734 1763 1025 1832 Ἀθηναῖοι
1075 1763 1290 1835 τρέχειν
1340 1763 1430 1817 ἐπὶ
1480 1767 1610 1827 τοὺς
1657 1765 1734 1826 εἰς
1779 1766 1882 1833 τὴν

186 1854 372 1923 χώραν
411 1852 816 1920 ἀποβαίνοντας
855 1862 965 1904 τῶν
1002 1853 1318 1922 βαρβάρων,
1357 1854 1455 1906 τὸν
1471 1855 1718 1923 Δαρείου
1754 1857 1877 1907 στό-

120 1963 164 1994 20
188 1946 305 2010 λον,
356 1941 584 2006 εὔξαντο
635 1948 700 2011 τῇ
743 1940 1039 2011 Ἀγροτέρᾳ
1087 1942 1290 1994 θύσειν
1340 1942 1476 2012 αὐτῇ
1524 1942 1877 2012 <χιμάρους>,

189 2030 356 2093 ὅσους
410 2029 479 2083 ἂν
531 2033 788 2083 κτείνωσι
837 2039 948 2083 τῶν
999 2030 1309 2101 βαρβάρων.
1400 2028 1492 2083 καὶ
1552 2029 1876 2083 ἀπέκτειναν

189 2119 427 2182 ὁπόσους
466 2119 755 2186 ἀκούομεν.
831 2114 902 2186 ’ἦν
940 2115 1043 2187 μὲν
1081 2119 1184 2188 γὰρ
1225 2117 1315 2171 καὶ
1349 2117 1623 2189 τΗρακλιῆς
1661 2117 1723 2171 ἐν
1760 2127 1876 2181 τοῖς

310 2327 335 2366 9
368 2323 474 2367 Her.
501 2323 521 2365 I
546 2327 616 2377 36,
637 2328 658 2366 1
785 2327 838 2365 17
864 2322 976 2366 Xen.
1002 2322 1151 2367 Anab.
1176 2323 1240 2365 ΠΙ
1265 2327 1305 2379 2,
1325 2328 1392 2367 12.
1455 2323 1575 2366 Plut.
1603 2323 1660 2366 de
1682 2322 1873 2380 malign.

188 2382 294 2426 Her.
323 2387 377 2424 26
411 2398 454 2438 p.
483 2387 567 2426 862
586 2382 635 2426 B.
702 2381 851 2425 Schol.
879 2382 940 2425 ad
963 2382 1038 2425 Ar.
1065 2381 1148 2436 Eq.
1177 2386 1273 2425 660.
1335 2381 1436 2426 Ael.
1462 2397 1501 2424 v.
1527 2382 1634 2425 hist.
1660 2382 1703 2424 II
1727 2386 1782 2425 25

190 2446 243 2484 22
276 2441 449 2484 Polem.
484 2456 546 2485 or.
572 2442 615 2484 II
647 2447 671 2495 ἓ
698 2446 766 2484 41.
796 2445 863 2484 62.
927 2441 1061 2483 Paus.
1086 2440 1108 2483 Ι
1135 2445 1202 2495 15,
1222 2445 1246 2483 3

1496 2601 1504 2606 x
1677 2575 1780 2624 ζου.

310 2638 331 2675 1
359 2649 394 2687 φ
419 2632 467 2674 in
493 2633 664 2687 ἔλαφον
689 2632 738 2674 in
761 2644 837 2674 ras
862 2631 934 2676 P2
1049 2637 1073 2675 3
1099 2630 1335 2676 ἀποπλοία
1360 2632 1406 2675 Β
1519 2631 1803 2675 inconcisam
1828 2633 1874 2675 A

247 2708 302 2747 γρ
327 2691 563 2735 κολάσασα
587 2691 657 2733 m3
681 2704 821 2746 supra
853 2690 1107 2743 κολάζουσα
1125 2693 1170 2734 Ρ
1235 2690 1468 2734 κολάσασα
1490 2691 1570 2734 ΟΒ
1668 2695 1693 2733 8
1717 2697 1871 2747 χεροῖν

188 2750 300 2794 ΒΜ
409 2754 434 2793 9
465 2767 509 2794 τι
536 2752 596 2794 Μ
707 2754 761 2793 10
794 2749 907 2792 ἀλλὰ
931 2751 1072 2794 ΙΒΜ
1137 2750 1254 2794 ἄλλω
1287 2756 1372 2793 νῦν
1404 2765 1453 2805 γε
1481 2750 1560 2793 CA
1592 2749 1674 2792 sed
1703 2749 1752 2792 in
1783 2749 1871 2792 hoc

187 2824 247 2851 m.
287 2811 405 2864 post.
446 2809 495 2852 in
535 2806 636 2852 ἀλλ’
672 2810 726 2852 οὐ
767 2815 853 2852 νῦν
893 2824 942 2865 γε
984 2823 1084 2851 corr
1134 2810 1138 2866 Ι
1182 2808 1230 2851 *v
1263 2809 1311 2851 in
1351 2807 1517 2852 ἑαυτὸν
1555 2807 1604 2850 in
1638 2822 1714 2850 ras
1749 2809 1812 2852 CV

190 2872 243 2910 12
278 2867 327 2912 δὲ
351 2869 492 2912 IBM
515 2871 520 2924 Ι
547 2875 711 2912 τοῦτον
736 2869 846 2911 ΒΜ
964 2872 1017 2910 14
1050 2869 1264 2923 καθηῦὸε
1291 2868 1334 2911 V
1392 2866 1621 2911 ἐκάθευδε
1645 2867 1876 2910 PUIBM

249 2931 303 2969 20
329 2926 552 2984 χιμάρους
575 2927 749 2970 inserui
845 2930 897 2968 21
925 2927 953 2984 β
978 2926 1060 2980 1113,
1087 2926 1204 2984 ρβάρ
1229 2927 1277 2969 in
1304 2925 1550 2983 βαρβάρων
1574 2925 1643 2968 m‘2
1666 2926 1715 2968 in
1738 2939 1813 2968 ras
1831 2925 1876 2968 P
