2026 3168
676 134 904 179 LIBANII
935 134 1276 179 ORATIONES
1749 135 1816 186 91

142 273 208 325 τὰ
235 271 467 339 πελάγη,
506 269 770 339 γενέσθαι
809 267 870 323 δὲ
909 270 1010 340 οὐχ
1050 270 1230 341 ὥσπερ
1265 271 1552 338 ἔσπευδον,
1592 268 1707 323 ἀλλ’
1749 270 1821 333 ὡς

139 358 439 429 ἐβεβίαστο,
479 359 633 411 ταυτὶ
675 356 736 411 δὲ
776 361 927 429 δῶρα
974 359 1163 427 Τύχης.
1240 357 1450 412 ἐοίκατε
1487 360 1548 412 τὸ
1587 355 1688 426 μὲν
1726 366 1821 426 τῆς

142 448 397 510 εὐπλοίας
430 446 689 516 δέχεσθαι
725 448 817 500 καὶ
846 448 982 500 κατὰ
1013 446 1175 514 μέλος
1206 449 1464 517 εἰρῆσθαι
1498 443 1820 518 συγχωρεῖν,

140 537 207 589 τὰ
245 535 294 589 δ’
333 533 403 590 αὗ
442 537 567 606 περὶ
613 537 686 589 τὼ
729 537 966 605 σοφιστὰ
1005 536 1311 599 ἀλλοκότως
1350 538 1625 607 εἰρῆσθαι,
1665 537 1713 589 εἰ
1753 537 1820 604 δὴ

140 626 275 695 ἅπερ
313 626 713 694 ἠναγκαζόμην,
752 623 814 677 ἐν
851 625 1070 687 τούτοις
1108 623 1464 693 εὐτυχηκέναι
1503 627 1657 694 φημί.
1736 625 1821 677 δεῖ
1867 644 1886 676 5

141 713 211 780 δή
248 733 315 782 με
355 718 518 767 λῦσαι
555 714 617 766 τὸ
658 715 899 782 αἰνιγμα,
939 713 1028 766 καὶ
1068 711 1157 766 ἐπὶ
1195 720 1359 766 τοῦτο
1400 710 1525 782 εἶμι.

255 802 336 854 19.
372 799 612 854 Ἀκούων
658 804 830 870 ἔγωγε
876 800 935 854 ἐκ
980 802 1193 872 παιδός,
1239 798 1282 854 ὦ
1317 800 1323 872 Ι
1365 802 1579 872 ἄνδρες,
1627 804 1757 864 τοὺς
1794 814 1907 857 R16

138 899 251 943 τῶν
289 899 469 960 χορῶν
509 890 569 943 ἐν
606 889 796 959 μέσαις
832 899 952 952 ταῖς
978 888 1236 959 Ἀθήναις
1281 889 1554 958 πολέμους
1599 891 1691 943 καὶ
1730 891 1820 960 ῥό-

139 979 284 1031 παλά
322 999 379 1031 τε
418 980 509 1032 καὶ
548 979 780 1049 σίδηρον
819 977 909 1032 καὶ
946 981 1144 1042 λίθους
1173 979 1263 1031 καὶ
1293 979 1575 1050 τραύματα
1605 980 1823 1050 γραφάς

140 1086 197 1120 τε
244 1067 330 1120 ἐπὶ
376 1069 594 1130 τούτοις
638 1068 730 1120 καὶ
776 1067 1072 1135 ἀπολογίας
1117 1068 1206 1120 καὶ
1254 1068 1407 1130 δίκας
1454 1065 1532 1120 ἐπ’
1580 1066 1822 1137 ἐλέγχοις
1847 1090 1889 1121 10

139 1156 318 1208 πάντα
349 1175 406 1209 τε
437 1157 757 1225 τολμώμενα
786 1167 901 1219 τοῖς
930 1156 1093 1225 νέοις,
1118 1157 1264 1219 ὅπως
1292 1158 1358 1209 τὰ
1388 1157 1678 1228 πράγματα
1708 1165 1822 1219 τοῖς

140 1245 404 1312 ἡγεμόσιν
427 1250 655 1315 αἴροιεν,
680 1244 930 1314 ἀγαθούς
953 1264 1011 1297 τε
1035 1245 1238 1308 αὐτοὺς
1253 1244 1383 1314 <ἐν>
1399 1253 1515 1308 τοῖς
1538 1246 1823 1308 κινδύνοις

140 1333 390 1402 ἡγούμην
428 1334 677 1396 δικαίους
714 1353 772 1386 τε
812 1334 913 1402 οὐχ
950 1330 1117 1402 ἧττον
1155 1343 1267 1386 τῶν
1304 1333 1444 1403 ὑπὲρ
1483 1343 1595 1386 τῶν
1632 1335 1822 1403 πατρί-

141 1423 256 1474 δων
293 1421 601 1488 τιθεμένων
641 1422 708 1474 τὰ
748 1422 889 1475 ὅπλα
928 1422 1169 1491 εὐχόμην
1214 1441 1272 1475 τε
1318 1430 1434 1484 τοῖς
1471 1427 1628 1485 θεοῖς
1672 1421 1823 1490 γενέ-

142 1515 276 1563 σθαι
318 1511 409 1562 καὶ
448 1509 662 1582 ἐμαυτῷ
695 1518 922 1563 τοιαῦτα
960 1510 1278 1580 ἀριστεῦσαι
1317 1509 1409 1563 καὶ
1450 1513 1680 1582 δραμεῖν
1721 1507 1823 1579 μὲν
1847 1532 1888 1564 15

140 1599 218 1661 εἰς
256 1602 493 1669 Πειραιᾶ
530 1618 588 1651 τε
626 1600 718 1652 καὶ
757 1600 1007 1652 Σούνιον
1048 1600 1140 1652 καὶ
1178 1602 1308 1662 τοὺς
1354 1601 1556 1662 ἄλλους
1602 1598 1824 1668 λιμένας

139 1686 282 1740 νέων
328 1685 413 1756 ἐφ’
468 1687 685 1758 ἁρπαγῇ
731 1695 826 1756 τῆς
872 1686 1104 1750 ὁλκάδος
1150 1687 1446 1757 ἐκβάντων,
1494 1689 1723 1758 δραμεῖν
1762 1684 1823 1740 δὲ

140 1774 279 1845 ὑπὲρ
318 1783 413 1843 τῆς
452 1776 696 1845 ἁρπαγῆς
736 1772 903 1839 αὖθις
942 1777 1020 1839 εἰς
1066 1778 1359 1847 Κόρινθον
1396 1778 1823 1847 κριθησόμενον,

143 1865 338 1916 δεῖπνα
386 1861 446 1916 δὲ
494 1865 738 1927 δείπνοις
784 1867 1112 1936 συνείροντα
1150 1867 1286 1934 ταχὺ
1326 1874 1438 1918 τῶν
1477 1867 1656 1918 ὄντων
1695 1864 1823 1932 ἀνη-

142 1951 403 2022 λωμένων
441 1953 518 2014 εἰς
556 1953 883 2005 δανείσοντα
921 1951 1156 2019 βλέπειν.
1219 1953 1305 2005 20.
1346 1953 1527 2005 εἰδυῖα
1565 1954 1759 2005 τοίνυν
1789 1952 1822 2021 ἡ
1848 1975 1891 2007 20

263 2162 283 2199 1
320 2155 373 2201 ὃν
406 2154 659 2215 ἐβουλόμην
690 2155 951 2212 κτήσασθαι
986 2155 1269 2201 διδάσκαλον
1301 2154 1402 2201 ἀλλ’
1431 2154 1485 2200 ὃν
1509 2156 1738 2215 ἐβιάσθην
1765 2156 1828 2201 Vf

263 2354 285 2391 1
327 2348 477 2404 ὥσπερ
517 2349 672 2402 PBL,
722 2361 833 2391 corr.
876 2360 931 2390 ex
972 2344 1111 2403 ὅσπερ
1154 2348 1236 2400 0¹¹,
1286 2361 1398 2391 corr.
1439 2361 1582 2391 manu
1621 2348 1825 2391 secunda

143 2420 199 2451 ex
238 2405 352 2463 ὅπερ
388 2408 457 2451 ita
495 2409 654 2451 tamen
692 2409 745 2450 ut
777 2421 801 2450 σ
834 2406 985 2450 denuo
1018 2406 1250 2450 deleretur
1272 2408 1318 2451 A
1380 2405 1492 2462 ὅπερ
1512 2408 1555 2451 V
1571 2407 1640 2450 Re
1701 2407 1826 2450 Num

142 2465 363 2523 γενέσθαι
396 2467 446 2511 δὲ
480 2465 836 2526 (διδάσκαλον)
877 2466 962 2523 οὐχ
1002 2463 1142 2521 ὅνπερ
1183 2465 1423 2520 ἔσπευδον,
1462 2463 1559 2509 ἀλλ’
1591 2463 1642 2516 ὃς
1678 2464 1825 2523 ἐβεβί-
1846 2468 1862 2473 ”

143 2531 283 2569 aava?
318 2526 324 2583 1
378 2526 440 2576 ὡς
477 2539 534 2569 ex
571 2526 606 2569 ὡ
647 2539 759 2568 corr.
799 2524 865 2568 L2
1003 2529 1028 2566 2
1068 2531 1148 2580 τῆς
1184 2525 1324 2582 τύχης
1362 2526 1408 2568 Β
1563 2529 1589 2568 3
1628 2524 1826 2580 καταμέ-

142 2586 220 2634 λος
244 2586 288 2628 V
437 2590 464 2628 4
502 2586 559 2628 τὰ
597 2599 656 2627 m.
689 2597 779 2627 rec.
814 2597 925 2627 corr.
958 2583 1008 2625 in
1038 2583 1090 2627 τὸ
1122 2585 1168 2628 Α
1248 2584 1300 2628 τὸ
1332 2584 1401 2626 Re
1551 2588 1576 2626 6
1617 2582 1671 2628 δέ
1701 2584 1745 2627 L

144 2646 172 2685 8
202 2650 362 2699 χωρῶν
394 2644 439 2687 L
476 2644 482 2701 Ι
525 2641 679 2699 μέσοις
709 2645 753 2687 L
903 2646 928 2684 9
967 2658 1017 2686 τε
1048 2656 1124 2685 om
1150 2643 1193 2687 V
1338 2647 1392 2685 10
1432 2643 1512 2686 καὶ
1543 2642 1601 2698 δὴ
1634 2642 1714 2686 καὶ
1746 2643 1825 2687 έπ-

146 2699 355 2758 ελέγχους
391 2702 662 2746 MSchmidt
699 2701 865 2745 Philol.
907 2701 947 2743 X
988 2705 1072 2744 610
1169 2702 1249 2745 καὶ
1287 2699 1542 2752 καταδίκας
1581 2701 1739 2744 Gasda

148 2763 202 2802 11
235 2776 282 2804 τε
312 2761 595 2818 τολμώμενα]
629 2759 936 2817 τετολμημένα
967 2761 1011 2803 L
1039 2760 1045 2818 l
1083 2759 1237 2804 πάντα
1261 2787 1319 2792 -
1344 2758 1485 2818 ὅπως]
1519 2759 1672 2805 πάντα
1705 2760 1828 2804 ἐτολ-

144 2824 260 2873 μᾶτο
284 2826 380 2870 τοῖς
402 2818 525 2870 νέοις
548 2818 673 2870 ὅπως
694 2819 802 2864 τόδε
824 2819 941 2862 Plan
964 2818 1031 2862 fol
1056 2824 1110 2862 21
1197 2824 1250 2862 12
1278 2820 1328 2864 ἐν
1350 2820 1526 2863 inserui
1610 2824 1664 2862 13
1689 2819 1828 2876 ἡγού-

145 2891 281 2931 μενος
302 2878 346 2922 L
386 2879 392 2935 Ι
433 2895 481 2923 τε
507 2880 622 2923 Vet
653 2891 678 2921 e
710 2879 976 2922 coniectura
1006 2878 1074 2921 Re
1194 2878 1245 2922 δὲ
1278 2878 1505 2922 AOPBL
1535 2878 1646 2922 Fert
1668 2878 1770 2922 Mor

146 2938 202 2979 15
233 2942 432 2980 τοσαῦτα
456 2938 499 2981 L
623 2941 674 2980 17
707 2936 922 2993 ἁρπαγὴν
954 2937 1045 2981 BL
1165 2941 1222 2980 20
1253 2935 1535 2981 δανείσαντα
1565 2938 1611 2981 Α
