2026 3168
675 150 903 195 LIBANH
934 149 1275 195 ORATIONES
1717 150 1818 202 181

139 302 278 339 νων·
323 293 551 339 τοιαῦτα
583 285 756 358 ἑαυτῷ
784 284 1026 355 συνῄδει.
1083 286 1204 337 222.
1237 284 1327 338 καὶ
1361 284 1389 338 ὁ
1426 288 1566 348 Ζεὺς
1597 283 1821 354 ἐρρύετο

136 384 247 428 τῶν
270 374 579 443 ὀφθαλμῶν
600 373 815 427 ἐκείνου
838 376 940 443 τὴν
962 372 1157 443 ἑορτὴν
1168 374 1338 442 <τὴν>
1355 373 1570 427 ἑαυτοῦ.
1602 373 1692 426 καὶ
1717 376 1821 442 γὰρ

137 461 435 532 ἐτύγχανεν
466 463 613 534 αὐτῷ
638 464 738 531 τὴν
770 463 993 532 δάφνην
1023 464 1176 534 φόνῳ
1209 482 1267 515 τε
1300 467 1486 535 πολλῷ
1512 461 1603 515 καὶ
1637 463 1821 531 αἵματι

136 551 347 620 μιάνας.
407 553 504 603 καί
530 572 621 618 μοι
654 551 887 604 ἐδόκουν
919 551 1107 620 αὐτόν,
1139 552 1322 620 ὥσπερ
1355 552 1519 613 κύνες
1556 551 1822 604 ὑλακτοῦ-

138 653 246 707 σαι,
294 640 525 707 φεύγειν
570 640 995 708 καταναγκάζειν
1043 641 1097 692 αἱ
1143 649 1256 693 τῶν
1301 638 1472 708 <ὑπ’>
1519 639 1690 692 αὐτοῦ
1731 658 1822 692 πε-
1867 659 1887 692 5

137 729 348 780 σόντων
395 730 582 797 ψυχαί,
630 726 798 791 δόξαν
843 728 926 781 ἀεὶ
964 727 1301 797 παρέχουσαι
1342 726 1620 797 δήξεσθαι.
1697 729 1822 781 τού-

136 835 249 869 των
296 817 397 886 οὐχ
447 815 658 886 ὑπῆρξέ
705 837 798 886 μοι
848 826 960 870 τῶν
1004 816 1315 884 Ὀλυμπίων
1364 827 1676 886 μετασχεῖν,
1733 816 1823 869 ὅτε

138 906 206 975 δὴ
260 906 351 958 καὶ
406 907 504 958 τὸν
559 907 727 974 λόγον
778 906 844 958 ὃν
892 906 1083 974 ὕφηνα
1132 905 1250 974 μέν,
1302 906 1403 981 οὐκ
1450 903 1698 969 ἐπέδειξα
1744 905 1822 974 δέ,

137 993 325 1065 φέρων
365 993 610 1062 ἀνέθηκα
648 1001 722 1066 τῷ
756 996 872 1062 Διί,
912 995 1182 1064 στύρακος
1221 996 1330 1064 ἅμα
1369 994 1507 1064 ὀσμῇ
1548 995 1822 1062 θεραπεύ-

137 1098 235 1145 σας
283 1083 383 1135 τὸν
433 1084 584 1135 θεόν.
662 1082 783 1134 223.
835 1083 932 1135 τὸν
981 1083 1082 1150 μὲν
1132 1084 1199 1152 δὴ
1245 1090 1340 1151 τῆς
1390 1082 1558 1152 ἀρχῆς
1607 1081 1819 1151 ἐκείνης
1843 1103 1885 1136 10

139 1173 343 1242 χρόνον
367 1171 545 1224 πάντα
576 1169 1021 1240 ἐπεβουλευόμην
1051 1172 1159 1225 ὑπὸ
1192 1181 1303 1224 τῶν
1336 1172 1482 1244 αὐτῷ
1509 1171 1822 1240 χρωμένων,

140 1261 304 1323 αὐτὸς
329 1260 395 1313 οὐ
420 1261 715 1330 χρώμενος,
733 1258 967 1313 ἐδόκουν
991 1260 1056 1313 δέ
1075 1275 1222 1314 τισιν
1244 1257 1385 1313 εἶναι
1408 1261 1823 1328 φιλοκίνδυνος,

139 1349 204 1402 οὐ
254 1349 450 1410 δεδιὼς
495 1350 626 1411 τοὺς
672 1347 889 1402 ἐκείνου
934 1349 1266 1417 κεραυνούς,
1313 1354 1466 1401 θεῶν
1516 1347 1602 1416 δέ,
1657 1345 1824 1415 οἶμαι,

137 1438 503 1506 βοηθούντων
540 1435 631 1489 ὑπ’
675 1436 902 1490 ἐκείνων
940 1457 997 1490 τε
1038 1438 1227 1490 δεινὸν
1266 1437 1434 1490 οὐδὲν
1472 1439 1579 1490 σὺν
1616 1455 1824 1508 παρρη-

138 1528 229 1597 σίᾳ
266 1546 324 1579 τε
363 1529 557 1590 ζῶντες
602 1525 692 1578 καὶ
731 1535 843 1578 τῶν
888 1526 1279 1595 πραττομένων
1326 1525 1823 1595 ἐπιλαμβανόμενοι
1849 1546 1891 1579 15

135 1617 385 1668 πλείοσιν
438 1615 470 1684 ἢ
515 1612 607 1667 καὶ
652 1616 902 1684 πρόσθεν
947 1615 1340 1684 ἠγωνισάμεθα
1397 1616 1608 1683 λόγοις,
1663 1615 1824 1668 οὐδο-

137 1710 296 1756 τιοῦν
334 1704 412 1765 εἰς
444 1704 702 1771 Πρόκλον
741 1702 1077 1771 ἀνηλωκότες
1123 1705 1345 1772 χρόνου,
1397 1705 1579 1756 πολὺν
1620 1707 1626 1767 Ι
1673 1703 1738 1756 δέ
1765 1716 1806 1759 R
1830 1718 1912 1759 139

139 1811 200 1859 γε
246 1790 422 1860 ἕτεροι
467 1800 830 1860 παρεστῶτες,
878 1794 1359 1860 παρακαθήμενοι,
1413 1793 1823 1858 κολακεύοντες,

141 1881 439 1947 αἰτοῦντες,
464 1880 851 1948 λαμβάνοντες,
883 1883 1356 1950 χρηματιζόμενοι·
1390 1876 1468 1933 ὧν
1501 1880 1670 1934 οὐδὲν
1701 1879 1821 1947 ἐμοὶ

138 1975 392 2021 ποιοῦντι
446 1976 627 2021 ποιεῖν
675 1988 734 2021 τε
784 1967 1093 2037 ἐνεγίγνετο
1147 1971 1346 2037 λόγους
1396 1968 1590 2038 φέρειν
1635 1988 1693 2021 τε
1744 1970 1823 2031 εἰς
1846 1989 1890 2022 so

141 2059 460 2125 συλλόγους.
538 2057 660 2109 224.
718 2059 896 2110 καίτοι
949 2056 1148 2111 πολλαὶ
1202 2058 1304 2126 μὲν
1357 2057 1644 2126 ἐγίγνοντο
1696 2075 1825 2127 πρε-

142 2148 319 2214 σβεῖαι
365 2144 490 2215 περὶ
545 2146 781 2215 εἰρήνης,
830 2145 1029 2199 πολλαὶ
1081 2147 1143 2199 δὲ
1191 2146 1529 2215 ὑποσχέσεις,
1581 2144 1699 2200 ἀλλ’
1756 2146 1823 2199 οὐ

259 2325 284 2364 9
318 2321 523 2375 στύραξ
553 2337 636 2395 μεν
663 2323 880 2378 θηλυκῶς
902 2319 1120 2378 θυμίαμά
1142 2338 1201 2375 τι,
1233 2321 1294 2372 ὡς
1318 2322 1542 2375 ἐνταῦθα,
1575 2322 1827 2377 ἀρσενικῶς

141 2378 192 2424 δὲ
224 2379 248 2423 ὁ
281 2378 486 2453 συνέχων
516 2380 599 2437 τὴν
632 2379 807 2438 αἰχμὴν
835 2379 947 2436 μετὰ
976 2387 1059 2424 τοῦ
1083 2380 1221 2433 ξύλου
1245 2378 1417 2436 κρίκος.
1458 2380 1646 2437 εὕρηται
1671 2379 1722 2425 δὲ
1746 2381 1826 2424 καὶ

142 2437 447 2494 στυράκιον
480 2438 731 2495 οὐδετέρως
762 2439 830 2484 B²
862 2442 933 2495 (=
967 2439 1127 2483 Thom.
1161 2439 1221 2482 Μ.
1256 2454 1289 2483 s.
1321 2455 1363 2483 v
1396 2455 1440 2496 p.
1469 2445 1567 2494 334,
1594 2442 1649 2496 6).

261 2606 283 2643 1
318 2601 444 2660 αὐτῷ
470 2602 551 2645 VL
614 2601 768 2657 ἐρύετο
797 2602 835 2647 G
929 2606 954 2644 2
985 2600 1070 2656 τὴν
1093 2601 1267 2645 inserui
1293 2616 1397 2645 cum
1422 2601 1579 2645 Gasda.
1680 2605 1706 2644 5
1738 2597 1821 2644 ὑπ’

141 2658 315 2703 inserui
408 2665 431 2703 7
465 2660 487 2712 ξ
519 2660 568 2703 in
599 2660 771 2717 ὑπῆρξε
802 2660 852 2703 in
882 2674 958 2703 ras
990 2660 1055 2703 P³
1114 2661 1238 2717 ὑπῆρ
1182 2676 1289 2718 ηρχε
1323 2663 1368 2705 Α
1465 2664 1491 2704 8
1525 2660 1582 2717 δὴ
1614 2674 1691 2704 om
1721 2661 1768 2703 B

144 2722 170 2760 9
203 2718 429 2773 στύρακος
451 2745 508 2750 -
534 2723 588 2762 10
612 2718 730 2764 θεόν
755 2719 870 2763 citat
894 2719 1053 2762 Thom.
1079 2719 1140 2762 M.
1167 2734 1200 2762 s.
1226 2735 1266 2763 v.
1294 2719 1461 2775 στύραξ
1492 2734 1536 2776 p.
1564 2723 1663 2772 334,
1687 2722 1710 2761 7
1743 2723 1826 2761 Λι-

145 2774 307 2834 βάνιος
338 2777 387 2822 ἐν
417 2781 481 2822 τῶ
510 2779 616 2832 περὶ
639 2784 719 2851 τῆς
742 2778 909 2823 ἑαυτοῦ
933 2778 1090 2835 τύχης·
1125 2778 1248 2834 στύρ.
1282 2782 1371 2822 κτλ.
1468 2783 1519 2822 11
1546 2778 1699 2822 αὐτῶν
1723 2778 1767 2821 L

146 2840 199 2878 16
223 2836 305 2879 καὶ
330 2850 406 2879 om
424 2823 506 2881 VL
533 2838 539 2893 Ι
567 2834 670 2881 οὐδ’
708 2836 865 2882 ὁτιοῦν
888 2838 1018 2882 ΑΟΒ
1089 2841 1143 2880 17
1173 2835 1342 2894 χρόνον
1362 2839 1444 2882 VL
1508 2842 1559 2880 19
1591 2836 1827 2886 αἰτοῦντες

143 2894 268 2938 inser
295 2894 407 2938 Fen·
434 2894 485 2938 in
515 2909 650 2953 marg
770 2900 826 2940 20
859 2897 908 2941 ἐν
940 2896 990 2939 in
1022 2894 1275 2954 ἐνεγίγνπο
1307 2897 1431 2940 inser
1463 2896 1527 2940 12³
1599 2892 1825 2952 ἐνεγένετο

154 2954 197 2997 V
310 2957 363 2996 21
398 2951 605 3010 ἐγίνοντο
629 2955 673 2998 V
