2026 3168
242 149 346 201 172
779 148 1007 193 LIBANII
1038 147 1380 193 ORATIONES

239 285 306 353 δὴ
346 287 561 352 βασιλεῖ
593 292 688 353 τῆς
725 283 987 354 ἡμετέρας
1024 287 1230 353 βουλῆς
1269 285 1346 347 εἰς
1383 291 1546 338 τοῦτο
1579 284 1918 355 χρησαμένης

237 383 348 426 τῶν
393 393 450 426 τε
496 375 713 440 βασιλεῖ
758 375 939 442 φίλων
985 373 1326 441 αἰτησάντων
1375 373 1781 427 ἐπαινεσάντων
1817 374 1920 443 τὴν

238 463 400 532 χάριν
438 462 587 515 νεύει
625 481 682 514 τε
722 461 750 514 ὁ
789 464 1119 530 καθήμενος,
1166 462 1254 514 καὶ
1293 462 1538 532 ἠνείχετο
1578 470 1673 531 τῆς
1712 463 1920 532 δωρεᾶς
1989 527 1991 529 ¹

239 549 267 603 ὁ
307 552 493 618 νόμος,
525 542 569 621 ᾦ
599 569 656 602 τε
688 550 921 616 μάλιστα
950 551 1052 619 τὴν
1081 551 1263 619 ψυχὴν
1295 550 1660 620 ἐβαρυνόμην,
1693 549 1918 604 ἐλέλυτο

194 648 348 692 ὁτῶν
403 638 545 705 ἐμῶν
600 639 678 701 εἰς
737 639 836 692 τὸν
898 637 1030 705 ἐμὸν
1084 637 1390 707 ἐλευθέρως
1441 658 1500 692 τε
1551 638 1798 708 ἡξόντων
1857 637 1921 693 ἐν

237 730 439 799 βεβαίῳ
487 746 545 780 τε
591 728 924 796 μενούντων.
980 725 1138 779 ταυτὶ
1179 727 1241 780 δὲ
1279 726 1642 796 πεπεισμένον
1695 727 1925 797 ἀφεῖναί

146 828 190 872 R
213 833 295 871 126
326 834 386 867 τε
416 817 518 884 τὴν
550 816 734 884 ψυχὴν
766 815 955 869 ἐλθεῖν
983 835 1041 868 τε
1073 817 1152 878 εἰς
1182 817 1362 869 Αἴδου
1398 813 1405 887 Ι
1439 824 1552 878 πῶς
1591 816 1694 869 οὐκ
1731 815 1802 870 ἂν
1832 816 1920 869 εὐ-

239 905 503 971 δαίμονος
543 909 648 974 εἷἠ;

354 992 472 1045 197.
505 991 601 1047 Ἐν
640 989 744 1046 οὖν
791 1001 854 1063 τῇ
896 992 1001 1045 ἀπὸ
1042 994 1254 1046 τούτων
1300 993 1621 1064 εὐφροσύνη
1669 993 1920 1062 διάγοντι

172 1104 215 1136 10
237 1088 455 1150 πνεῦμα
499 1080 764 1150 πολέμιον
812 1081 1048 1134 ἐπελθὸν
1097 1081 1346 1149 ἐκβάλλει
1393 1078 1494 1151 μὲν
1540 1082 1641 1150 τὴν
1693 1081 1920 1151 ἡδονήν,

239 1169 548 1238 ἀντεισάγει
602 1166 663 1222 δὲ
708 1178 939 1241 τραῦμα,
991 1163 1113 1223 οἷον
1164 1171 1316 1223 οὔπω
1366 1172 1654 1240 πρότερον.
1708 1165 1780 1238 ἦν
1825 1190 1919 1239 μοι

240 1258 478 1327 ἀδελφὸς
523 1260 790 1329 νεώτερος
837 1258 1126 1328 οἰχομένου
1175 1267 1275 1311 τοῦ
1321 1257 1716 1328 πρεσβυτέρου,
1755 1257 1921 1325 μέσος

238 1349 343 1418 γὰρ
384 1348 452 1416 δὴ
491 1343 562 1416 ἧν
599 1347 706 1416 ἐγὼ
748 1349 882 1400 κατὰ
920 1349 1019 1400 τὸν
1056 1350 1222 1401 τόκον
1261 1347 1484 1416 ἀμφοῖν.
1517 1342 1680 1410 οὗτος
1718 1350 1825 1417 πρό
1862 1365 1921 1400 τε

238 1444 334 1504 τῆς
373 1436 678 1506 ἀποδημίας
715 1457 809 1504 μοι
848 1436 1061 1505 συνέζη,
1106 1435 1198 1489 καὶ
1238 1435 1423 1504 ἐπειδὴ
1464 1437 1611 1504 παρὰ
1649 1439 1922 1499 Βιθυνοῖς

173 1546 215 1579 15
239 1524 541 1594 ἐκαθήμην,
566 1521 743 1594 ἦλθεν
768 1525 939 1578 ἵππον
969 1523 1220 1578 ἐλαύνων
1249 1524 1387 1593 μέγα
1417 1525 1747 1593 ποιούμενος
1780 1525 1922 1578 ἰδεῖν

238 1612 330 1666 ὑπ’
364 1614 496 1680 ἐμοῦ
535 1613 871 1683 νεμομένους
908 1614 1120 1676 παῖδας.
1200 1613 1319 1666 198.
1359 1611 1536 1666 ἔπειθ’
1568 1612 1597 1665 ὁ
1628 1613 1728 1680 μὲν
1760 1612 1923 1666 ἐπαν-

238 1707 413 1771 ῆλθεν
453 1704 656 1771 οἶκαδε,
703 1701 808 1770 ἐγὼ
851 1699 912 1754 δὲ
949 1700 1040 1754 ὑπ’
1085 1702 1323 1771 ἀνάγκης
1365 1711 1460 1770 τῆς
1509 1710 1608 1754 τοῦ
1654 1710 1920 1770 κρατοῦν-

238 1811 331 1853 τος
385 1786 454 1858 ἧν
508 1786 693 1858 αὖθις,
749 1791 887 1843 ὅθεν
941 1791 1008 1858 δὴ
1061 1790 1150 1842 καὶ
1203 1790 1479 1858 ἀπῆλθον·
1521 1785 1588 1842 οὗ
1641 1791 1707 1859 δὴ
1755 1792 1925 1844 πάλιν

241 1879 478 1948 ἀδελφὸς
518 1879 880 1948 ἀναφαίνεται
919 1877 1010 1931 καὶ
1050 1880 1255 1949 χρόνου
1297 1879 1364 1947 δὴ
1402 1880 1694 1948 προϊόντος
1733 1881 1924 1947 λόγοις

173 1988 216 2024 20
240 1987 297 2020 τε
344 1972 570 2030 πολλοῖς
623 1966 714 2020 καὶ
760 1969 1166 2038 παρακλήσεσιν
1220 1967 1528 2035 ἀναστήσας
1581 1968 1699 2035 ἄγει
1749 1966 1812 2020 τέ
1855 1987 1922 2036 με

241 2057 427 2109 οἴκαδε
458 2054 549 2109 καὶ
581 2054 920 2120 συνέζευκτο.
981 2054 1072 2108 καὶ
1105 2054 1266 2108 ὁπότε
1295 2055 1361 2123 δὴ
1395 2056 1590 2124 κάμνοι
1621 2057 1687 2108 τὰ
1719 2057 1924 2126 ἄρθρα,

240 2145 409 2214 πικρά
445 2164 538 2211 μοι
576 2146 643 2197 τὰ
680 2152 775 2212 τῆς
813 2143 1076 2213 τραπέζης
1113 2139 1197 2211 ἧν.
1263 2144 1381 2195 199.
1423 2140 1586 2206 οὗτός
1623 2163 1755 2197 ποτε
1787 2158 1918 2198 συν-

361 2325 386 2363 6
417 2319 568 2376 ταυτὶ]
602 2319 658 2363 οὐ
688 2319 831 2364 καλὸν
859 2319 902 2363 V

361 2485 385 2524 3
424 2481 504 2525 καὶ
536 2482 620 2525 οὐκ
651 2478 857 2538 ἠνείχετο
889 2482 933 2526 L
1061 2485 1085 2524 6
1125 2480 1387 2537 μενούντων
1419 2480 1583 2536 scripsi
1615 2493 1638 2522 e
1665 2480 1709 2523 V
1733 2481 1923 2523 aucssore

242 2540 398 2584 Gasda
470 2538 703 2595 μενόντων
742 2540 911 2596 reliqui
941 2539 1051 2583 libri
1083 2539 1173 2582 edd
1214 2539 1220 2597 Ι
1261 2540 1394 2582 ταυτὶ
1426 2538 1477 2583 δὲ
1506 2537 1812 2594 πεπεισμένον
1844 2538 1921 2582 del

241 2599 352 2642 Fen·
381 2599 431 2641 in
462 2612 596 2656 marg
626 2599 727 2641 Mor
766 2600 771 2656 Ι
820 2596 1133 2654 πεπεισμένων
1161 2599 1204 2641 V
1326 2602 1348 2640 7
1383 2598 1618 2645 &helmet
1648 2595 1923 2653 εὐδαίμονος

243 2657 311 2714 εἴη
343 2658 508 2712 scripsi
532 2672 636 2700 cum
661 2658 816 2701 Gasda
878 2658 1029 2702 ἐλθών
1062 2659 1108 2700 et
1132 2654 1430 2712 εὐδαιμονοίη
1462 2655 1570 2699 libri
1596 2656 1686 2698 edd
1778 2660 1802 2698 9
1836 2672 1921 2700 ουν

242 2733 295 2772 τη
327 2716 377 2759 in
409 2714 494 2760 οὖν
526 2723 579 2773 τῇ
612 2716 661 2759 in
691 2729 767 2759 ras
796 2717 852 2760 0⁸
880 2717 885 2774 Ι
914 2714 1186 2772 διαγαγόντι
1217 2717 1260 2759 L
1354 2719 1407 2757 10
1441 2713 1603 2772 ἐκβάλλ
1635 2715 1683 2757 in
1717 2714 1765 2758 ἐκ
1798 2714 1921 2760 άλλει

242 2775 291 2818 in
321 2788 396 2818 ras
432 2777 488 2820 0⁶
522 2776 529 2831 Ι
565 2791 586 2818 ε
616 2775 665 2817 in
697 2775 780 2830 μὲν
811 2776 859 2817 in
890 2789 965 2818 ras
999 2775 1057 2818 0⁸
1164 2778 1216 2816 13
1249 2773 1307 2829 δὴ
1339 2774 1388 2817 in
1418 2787 1493 2816 ras
1517 2774 1589 2818 Ρ3
1617 2774 1622 2831 Ι
1662 2773 1718 2829 δὴ
1751 2774 1828 2831 ην]
1861 2767 1921 2829 ἦν

243 2834 301 2889 δὴ
329 2835 411 2878 VL
515 2838 567 2876 16
601 2834 702 2889 ἐμοὶ
728 2834 809 2877 VL
917 2839 970 2876 19
1004 2832 1206 2888 ἀδελφὸς
1236 2846 1311 2875 om
1342 2833 1385 2876 L
1414 2833 1419 2890 Ι
1459 2832 1517 2888 δὴ
1549 2846 1623 2876 om
1655 2833 1767 2875 Ferr
1795 2833 1864 2875 Re

242 2895 410 2938 πολλοῦ
451 2894 558 2936 ante
589 2890 837 2946 προϊόντος
873 2892 984 2936 Fen·
1014 2892 1063 2935 in
1093 2905 1227 2947 marg
1257 2891 1358 2934 Mor
1507 2895 1562 2934 22
1601 2886 1659 2947 ἧν
1698 2905 1773 2935 om
1810 2891 1921 2934 Ferr

243 2952 357 2995 ἄνευ
389 2952 532 2995 αὐτοῦ
564 2951 790 2994 excidisse
820 2953 959 3006 putat
989 2951 1055 2993 Re
1860 2958 1862 2960 ’
