2026 3168
696 131 924 176 LIBANII
954 130 1296 176 ORATIONES
1767 131 1838 183 85

158 267 547 338 τετραμμένης,
587 268 677 320 καὶ
715 266 1088 337 συνέπραττεν
1127 266 1156 320 ὁ
1197 268 1411 336 δαίμων
1449 265 1638 320 οὐδενὶ
1678 269 1840 336 νοσή-

158 376 285 426 ματι
323 358 422 410 τὸν
461 358 670 426 δρόμον
713 356 1100 426 ὑποσκελίζων,
1149 354 1266 408 ἐπεὶ
1316 354 1407 408 καὶ
1459 354 1488 408 ὃ
1539 354 1842 426 προσέπεσε

157 453 224 516 τῇ
262 431 470 515 κεφαλῇ
509 476 582 482 -
619 441 690 512 ἦν
729 445 791 498 δὲ
827 444 1064 497 τοιόνδε·
1119 442 1181 497 ἐν
1219 451 1334 506 τοῖς
1364 442 1690 514 Ἀχαρνεῦσι
1728 452 1843 506 τοῖς

150 532 584 603 Ἀριστοφάνους
621 528 691 601 ἦν
728 531 1024 605 καθημένῳ
1064 539 1139 604 τῷ
1173 541 1547 603 γραμματιστῇ
1577 546 1843 603 παρεστη-

155 623 280 691 κώς,
319 622 349 675 ὁ
382 619 443 675 δὲ
472 623 628 690 ἥλιος
659 622 803 675 οὕτω
835 621 1064 691 παχέσιν
1096 620 1394 692 ἐκέκρυπτο
1428 620 1673 691 νέφεσιν,
1708 619 1834 674 ὥστ’
1888 643 1908 675 5

154 712 260 780 ἤδη
298 712 423 764 τινὰ
459 712 633 764 νύκτα
672 710 890 779 ἐκείνην
927 711 1029 779 τὴν
1066 709 1276 781 ἡμέραν
1314 718 1648 778 προσειπεῖν.
1703 708 1843 779 μέγα

156 800 218 852 δὲ
263 802 643 869 κτυπήσαντος
689 807 789 853 τοῦ
830 800 968 863 Διὸς
1013 797 1105 852 καὶ
1148 800 1257 868 ἅμα
1295 799 1568 869 κεραυνὸν
1606 797 1845 867 ἀφέντος

154 887 454 956 ἐπέπληκτο
495 885 596 957 μὲν
641 895 715 961 τῷ
755 887 888 956 πυρὶ
935 888 1002 940 τὰ
1048 889 1284 957 ὄμματα,
1331 886 1628 956 ἐπέπληκτο
1683 884 1745 940 δὲ
1807 887 1842 955 ἡ

154 979 368 1046 κεφαλὴ
419 986 483 1047 τῇ
534 979 756 1047 βροντῇ.
825 975 916 1029 καὶ
963 975 1112 1046 ᾤμην
1157 973 1259 1044 μὲν
1305 973 1472 1029 οὐδὲν
1510 975 1843 1042 ἐνιδρύσθαι

152 1085 246 1133 μοι
286 1067 491 1133 δεινόν,
539 1063 655 1118 ἀλλ’
689 1065 884 1118 αὐτίκα
922 1063 1105 1134 λήξειν
1143 1065 1245 1133 τὴν
1283 1067 1540 1134 ταραχήν,
1580 1063 1842 1117 ἀπελθὼν
1866 1087 1910 1119 10

155 1155 216 1207 δὲ
240 1156 426 1207 οἴκαδε
451 1154 538 1207 καὶ
563 1152 644 1207 ἐπ’
670 1154 872 1225 ἀρίστω
896 1152 1246 1216 κατακλιθεὶς
1273 1151 1279 1223 Ι
1312 1155 1550 1223 βροντῆς
1573 1172 1631 1206 τε
1654 1151 1791 1206 ἐκεί·
1814 1166 1857 1210 R
1875 1169 1930 1210 10

155 1263 254 1311 νης
293 1241 528 1295 ἐδόκουν
567 1242 790 1295 ἀκούειν
828 1244 1102 1311 κεραυνόν
1143 1262 1201 1294 τε
1249 1241 1465 1295 ἐκεῖνον
1511 1243 1612 1310 τὴν
1659 1243 1842 1296 οἰκίαν

151 1337 431 1401 παραθεῖν
486 1331 690 1401 ἱδρῶτά
742 1329 787 1383 τ’
838 1329 1005 1383 ἐκίνει
1055 1331 1116 1383 τὸ
1174 1329 1296 1393 δέος
1349 1329 1439 1383 καὶ
1487 1330 1842 1399 ἀναπηδήσας

154 1419 214 1473 ἐκ
252 1429 364 1473 τῶν
403 1423 594 1472 σιτίων
641 1418 730 1472 ἐπὶ
776 1420 878 1488 τὴν
923 1421 1118 1487 κλίνην
1157 1419 1497 1488 καταφεύγω.
1576 1426 1741 1486 σιγᾶν
1780 1419 1843 1471 δὲ

150 1507 299 1581 ᾤμην
338 1509 458 1561 δεῖν
495 1515 658 1561 τοῦτο
698 1508 788 1561 καὶ
825 1508 1124 1576 φυλάττειν
1157 1509 1414 1578 ἄρρητον,
1454 1507 1592 1560 ἀλλὰ
1621 1508 1693 1576 μὴ
1725 1528 1839 1561 κοι-
1863 1531 1906 1563 15

149 1598 332 1659 νώσας
372 1598 578 1666 ἰατροῖς
617 1598 693 1659 εἰς
732 1597 993 1666 φάρμακά
1031 1616 1088 1649 τε
1127 1595 1219 1650 καὶ
1258 1597 1325 1649 τὰ
1364 1596 1471 1650 ἀπὸ
1509 1604 1621 1665 τῆς
1650 1595 1841 1666 τέχνης

150 1684 212 1738 ἐκ
248 1695 360 1738 τῶν
399 1687 683 1738 εἰωθότων
724 1683 1014 1748 ἑλκυσθεὶς
1051 1685 1331 1739 ἀνιᾶσθαα
1412 1685 1494 1737 10.
1544 1692 1708 1738 τοῦτο
1747 1684 1839 1738 καὶ

150 1775 230 1836 εἰς
280 1774 428 1843 ῥίζας
478 1776 647 1842 ἤγαγε
698 1775 799 1842 τὴν
853 1775 1151 1844 συμφορὰν
1205 1772 1572 1842 ἐκβληθεῖσαν
1625 1775 1711 1842 ἄν,
1767 1775 1840 1836 ὥς

153 1876 345 1930 φασιν,
400 1861 461 1915 ἐν
514 1864 826 1930 προοιμίοις
876 1862 943 1916 οὐ
996 1865 1102 1915 σὺν
1151 1864 1316 1934 πόνῳ.
1394 1863 1485 1915 διὰ
1534 1869 1697 1931 τοῦτο
1747 1863 1838 1915 καὶ

150 1949 572 2019 συναπεδήμησέ
607 1971 700 2019 μοι
738 1951 799 2004 τὸ
838 1951 1008 2004 κακὸν
1048 1949 1351 2018 αὐξόμενον
1389 1951 1491 2019 τὴν
1530 1949 1702 2020 αὔξην
1735 1951 1837 2019 τὴν
1860 1975 1904 2008 20

151 2037 348 2091 ἑαυτοῦ
390 2040 556 2109 δεῦρό
595 2059 652 2092 τε
691 2039 918 2107 ἀφῖκται
955 2039 1123 2092 πάλιν
1162 2041 1366 2109 τροπὰς
1402 2038 1504 2107 μέν
1535 2059 1689 2102 τινας
1718 2059 1837 2109 τρε-

147 2129 405 2195 πόμενον,
447 2128 514 2180 οὐ
553 2129 662 2196 μὴν
701 2135 799 2180 τοῦ
839 2147 902 2196 γε
940 2126 1195 2181 ἐλαύνειν
1225 2130 1556 2196 παυόμενον,
1596 2127 1713 2182 ἐπεὶ
1743 2126 1835 2181 καὶ

149 2215 311 2268 ὁπότε
352 2216 503 2268 δοκεῖ
540 2219 729 2285 χαλᾶν,
781 2217 848 2269 οὐ
887 2216 1199 2269 παντάπασι
1238 2219 1392 2285 λήγει
1431 2249 1504 2254 -
1543 2215 1660 2270 ἀλλ’
1700 2216 1833 2287 ὅπερ

266 2408 289 2446 7
323 2404 374 2448 Π.
408 2407 446 2448 θ
473 2409 540 2449 75.
576 2422 600 2460 ρ
626 2409 723 2449 595.
774 2404 857 2448 Od.
892 2422 927 2460 φ
961 2409 1045 2448 413

257 2585 282 2623 3
309 2581 359 2625 δὲ
385 2595 459 2625 om
482 2581 600 2625 Plan
661 2582 800 2638 ὃὴῩΙ
837 2582 906 2640 ἐν]
932 2582 1016 2625 σὺν
1042 2582 1199 2626 Gasda
1274 2586 1300 2627 9
1325 2598 1437 2627 num
1462 2583 1768 2638 ἐνιδρῢσθαιῖ

148 2642 200 2680 11
234 2657 302 2696 γρ.
337 2637 413 2684 ἐπ’
441 2640 630 2695 ἄριστον
661 2640 797 2685 Patm
820 2641 870 2684 in
894 2654 1028 2697 marg
1119 2646 1173 2685 12
1206 2641 1396 2687 ἀκούειν
1425 2640 1620 2687 ἐδόκουν
1651 2641 1769 2686 Plan

150 2701 204 2740 13
234 2698 282 2742 τὲ
306 2699 445 2744 BVL
468 2699 585 2744 Plan
662 2698 803 2745 ἐκίνει
838 2701 876 2745 C
903 2700 984 2743 sed
1015 2699 1201 2744 litterae
1234 2699 1323 2746 ίνει
1353 2716 1412 2745 m.
1446 2714 1534 2744 rec.
1562 2702 1626 2758 (n)
1656 2701 1707 2744 in
1737 2714 1827 2753 ras,

147 2755 192 2797 P
233 2757 314 2801 sed
352 2775 397 2801 ιν
438 2758 509 2801 ιη*
549 2759 600 2802 in
638 2772 712 2802 ras
810 2765 931 2804 κινεῖ
969 2759 1014 2803 L
1069 2759 1077 2817 Ι
1132 2760 1213 2803 καὶ
1244 2786 1298 2792 --
1335 2765 1388 2804 14
1431 2759 1707 2816 καταφεύγω
1751 2773 1827 2804 om

145 2812 263 2858 Plan
384 2821 438 2860 14
471 2817 521 2862 δὲ
554 2817 719 2873 scripsi
809 2834 857 2862 τε
888 2818 998 2861 libri
1029 2819 1077 2861 et
1107 2818 1199 2862 edd
1320 2823 1374 2862 15
1407 2817 1693 2873 κοινωνήσας
1723 2819 1767 2861 L

149 2876 202 2914 17
235 2881 368 2918 τοῦτο
394 2875 519 2935 (δὲ)
544 2876 702 2920 Gasda
804 2881 859 2920 20
892 2877 1037 2933 αὔξην
1067 2876 1169 2934 τὴν]
1203 2877 1396 2934 αὔξησιν
1427 2878 1471 2921 L
1563 2882 1618 2921 22
1650 2875 1693 2934 γ’
1722 2878 1767 2921 L

148 2930 356 2976 ἐλαύνειν
390 2934 428 2978 Ο
455 2935 536 2978 sed
569 2951 608 2979 ει
641 2937 688 2979 et
717 2935 845 2991 prior
875 2935 1001 2979 linea
1029 2935 1215 2980 litterae
1246 2954 1272 2980 ν
1303 2951 1361 2980 m.
1395 2950 1483 2980 ree.
1518 2937 1582 2992 (n)
1613 2935 1664 2980 in
1694 2949 1770 2980 ras
