2026 3168
195 130 301 182 162
731 130 958 173 LIBANII
990 129 1329 174 ORATIONES

194 264 403 335 ἐχρῆτο,
427 268 556 327 τοὺς
580 263 694 318 κατ’
727 264 858 332 ἐμοῦ
885 267 1082 332 λόγους
1114 264 1495 334 ἐξεληλέγχθαι
1527 274 1641 328 τοῖς
1672 264 1868 336 ἔργοις.

191 355 291 408 τὸν
329 356 432 423 γὰρ
472 356 538 422 δὴ
580 356 875 421 λεγόμενον
914 353 1158 423 ἐνοχλεῖν
1199 357 1330 417 τοὺς
1376 356 1639 424 ἄρχοντας
1677 351 1870 422 ἥκιστα

193 443 491 511 προσιέναι.
554 443 582 496 ὁ
624 440 684 495 δὲ
723 441 812 495 καὶ
845 444 992 494 πάνυ
1030 450 1200 495 ταῦτα
1239 441 1475 507 ἐλπίζειν
1507 446 1632 512 ἔφη·
1674 444 1740 496 οὐ
1765 445 1869 513 γὰρ

195 531 333 584 ἰέναι
386 535 596 598 μᾶλλον
648 531 774 601 παρ’
829 532 1029 593 αὐτοὺς
1082 531 1112 598 ἢ
1158 532 1246 584 καὶ
1292 533 1642 584 τούναντίον·
1721 534 1870 602 χαρί-

151 643 168 675 5
197 624 383 685 ζεσθαι
422 617 523 688 μὲν
563 621 662 690 γὰρ
704 621 870 690 ταύτῃ
910 628 1025 682 τοῖς
1068 618 1255 691 ἐρῶσι·
1295 622 1423 682 τοὺς
1462 617 1521 672 δὲ
1561 621 1663 674 οὐκ
1703 619 1870 691 ἐρῶν-

193 732 287 773 τας
327 707 456 763 οὐδὲ
497 708 837 762 ἐπίστασθαι.
906 708 1060 761 ταυτὶ
1100 705 1202 775 μὲν
1241 709 1458 777 ἤκουσε,
1499 710 1663 777 δῆλος
1702 706 1762 762 δὲ
1801 705 1873 778 ἠν

103 813 146 855 R
169 817 250 855 112
293 799 586 866 ἀτιμάσων,
626 798 691 850 οὐ
729 800 734 866 Ι
769 798 877 865 μὴν
917 796 1178 866 ἐπέτρεψέ
1213 817 1273 864 γε
1313 797 1340 850 6
1381 798 1636 860 θάνατος.

307 887 425 940 169.
453 885 673 956 “Έτερος
700 886 1008 955 Προτάσιος
1039 886 1105 938 τά
1131 905 1193 952 γε
1224 886 1360 956 πρὸς
1392 882 1484 952 ἐμὲ
1516 885 1681 956 ῥᾷσθ’
1712 881 1874 949 οὗτος

193 973 341 1045 ἧκεν,
382 977 443 1038 ὃς
481 976 797 1044 καθάρμασι
835 971 936 1040 μὲν
974 982 1168 1042 συνῆν,
1207 973 1332 1042 παρ’
1380 970 1458 1027 ὧν
1497 973 1544 1026 δ’
1592 975 1661 1027 ἄν
1699 994 1750 1027 τι
1782 974 1872 1028 καὶ

128 1087 170 1119 10
194 1064 523 1133 ἐμάνθανεν,
575 1065 779 1131 ἄβατον
825 1061 996 1115 ἐποίει
1042 1063 1143 1131 τὴν
1188 1065 1524 1131 καταγωγήν.
1608 1063 1697 1116 καὶ
1744 1062 1872 1135 ᾤετο

193 1151 293 1221 μὲν
335 1157 576 1222 ζημιοῦν,
617 1151 720 1219 ἐγὼ
762 1148 822 1204 δὲ
863 1150 1197 1221 ἐκέρδαινον.
1274 1149 1364 1204 καὶ
1403 1155 1598 1220 κλῆσιν
1635 1148 1735 1218 μὲν
1773 1153 1876 1221 τὴν

194 1242 281 1295 ἐπὶ
328 1244 457 1304 τοὺς
506 1243 700 1309 λόγους
745 1242 984 1309 ἤλπιζεν,
1032 1239 1136 1308 ἐγὼ
1186 1237 1246 1293 δὲ
1293 1241 1492 1303 ἄλλους
1536 1241 1754 1293 εἱστίων
1793 1242 1874 1293 δι-

195 1333 414 1384 δάσκων
453 1331 638 1396 αὐτόν,
678 1330 762 1382 ὅτι
801 1329 867 1382 οὐ
901 1331 1026 1382 λίαν
1065 1329 1235 1381 αὐτοῦ
1276 1330 1515 1396 δεοίμην.
1579 1329 1608 1382 6
1650 1326 1710 1381 δὲ
1749 1327 1874 1401 ᾤδει

194 1421 408 1482 τούτοις
454 1439 515 1486 γε
561 1420 661 1486 τὴν
707 1420 965 1486 καρδίαν,
1012 1415 1182 1481 ἔδειξε
1230 1414 1290 1470 δὲ
1330 1420 1391 1470 ἔν
1429 1438 1540 1470 τινι
1578 1420 1876 1488 κατηγορία

129 1529 169 1562 15
196 1508 365 1561 νέοιν·
407 1500 496 1560 οἷν
536 1506 682 1575 δέον,
722 1512 871 1575 εἴπερ
913 1507 1162 1575 ἠδίκουν,
1203 1505 1479 1559 ἐπιθεῖναι
1519 1507 1697 1575 δίκην,
1744 1506 1772 1558 6
1813 1503 1873 1559 δὲ

195 1598 255 1650 τὸ
297 1597 645 1650 διδασκάλων
685 1593 1015 1663 ἐσαγήνευεν
1046 1597 1211 1657 ἔθνος
1245 1595 1344 1663 οὐχ
1376 1596 1580 1648 ἅπασιν
1613 1594 1874 1663 ἐγκαλῶν,

197 1684 314 1738 ἀλλ’
353 1685 499 1746 ὅπως
539 1682 599 1736 ἐν
637 1691 711 1755 τῷ
744 1682 907 1736 παντὶ
946 1684 1239 1753 κρύπτοιτο
1281 1684 1426 1754 αὐτῷ
1475 1685 1539 1736 τὰ
1584 1685 1722 1753 πρὸς
1768 1682 1874 1750 ἐμέ.

200 1774 318 1826 170.
351 1772 440 1826 καὶ
464 1773 538 1825 τὼ
563 1769 663 1838 μὲν
690 1771 795 1824 νέω
829 1774 1016 1839 γυμνώ
1048 1792 1106 1825 τε
1135 1773 1307 1840 ἤστην
1337 1773 1427 1824 καὶ
1457 1774 1706 1842 μετεώρω
1737 1774 1877 1844 πρὸς

195 1863 420 1930 πληγάς,
437 1862 786 1931 παρεκάθητο
813 1860 877 1913 δέ
897 1859 1295 1927 τιςὈλύμπιος.
1327 1868 1425 1913 τοῦ
1451 1858 1512 1913 δὲ
1538 1861 1604 1913 οὐ
1628 1870 1876 1930 μετεῖχον

130 1973 172 2004 20
197 1950 320 2019 ἐγώ,
351 1951 590 2019 ἠδικεῖτο
623 1946 682 2002 δὲ
717 1949 745 2002 6
779 1952 957 2016 νόμος.
1021 1949 1049 2002 6
1071 1936 1131 2001 δ’
1171 1949 1313 2002 οὕτω
1347 1951 1415 2018 δή
1450 1969 1500 2001 τι
1533 1947 1754 2012 ξυνετὸς
1787 1946 1874 2018 ἠν,

198 2041 334 2092 ὥστε
367 2031 447 2101 οἷς
479 2037 784 2106 ἐφθέγξατο
817 2040 888 2107 μὴ
919 2046 1222 2106 μαστιγοῦν
1253 2036 1567 2091 ἐκεκώλυτο.
1621 2041 1875 2109 φρόνημα

197 2124 256 2180 δὲ
282 2129 342 2180 τὸ
366 2127 577 2197 θράσος
601 2128 690 2179 καὶ
722 2128 1024 2194 ἡγούμενος
1054 2128 1143 2179 καὶ
1175 2126 1455 2193 ὀνομάζων
1480 2127 1620 2179 ὅπλα
1645 2126 1874 2196 ἀνταρά-

197 2235 358 2282 μενος
378 2222 451 2287 τῷ
469 2222 750 2287 στρατηγῷ
768 2218 979 2282 γνῶναί
995 2235 1053 2268 τε
1073 2216 1244 2268 αὑτὸν
1265 2216 1586 2283 ἠναγκάσθη
1607 2215 1695 2267 καὶ
1717 2229 1875 2266 συνε-

108 2317 254 2359 R113
289 2303 586 2372 σταλμένος
621 2302 627 2374 Ι
662 2302 854 2372 ἔκειτο,
896 2303 986 2356 καὶ
1034 2306 1196 2356 τοῦτό
1244 2305 1296 2356 οἱ
1343 2312 1438 2371 τῆς
1485 2303 1649 2372 ἀρχῆς
1695 2301 1874 2372 πέρας.

133 2413 174 2445 25
313 2392 431 2443 171.
460 2390 597 2443 Ἀλλ’
637 2391 882 2459 ἐπάνειμι
916 2394 983 2461 δὴ
1014 2393 1149 2461 πρὸς
1179 2393 1276 2444 τὸν
1308 2392 1574 2444 Βάλεντα·
1609 2390 1674 2443 ὃν
1706 2389 1874 2453 ἔδειξε

317 2498 371 2535 22
404 2492 517 2535 Xen.
553 2492 652 2548 Cyr.
687 2492 728 2536 V
759 2498 799 2547 4,
834 2497 888 2535 25

320 2585 341 2623 1
378 2579 666 2637 ἐξεληλέχθαι
701 2582 789 2624 ΡΒ
893 2586 917 2623 2
950 2581 1047 2637 τὸν]
1082 2579 1126 2624 τί
1156 2582 1199 2624 L
1302 2585 1326 2621 3
1362 2579 1384 2623 6
1419 2580 1555 2623 6b—
1589 2583 1615 2620 4
1648 2577 1768 2622 ἰέναι
1800 2592 1874 2622 om

198 2640 335 2684 AOP
355 2639 466 2682 Fen·
589 2644 613 2682 5
648 2639 731 2682 οὐκ
764 2653 838 2682 om
863 2641 906 2684 L
1020 2644 1044 2682 6
1079 2637 1325 2695 ἐφίεσθαιῬ
1369 2639 1373 2696 Ι
1416 2641 1438 2681 λ
1470 2632 1689 2693 ἱῐῗόῆλος
1719 2638 1768 2680 in
1800 2652 1873 2681 ras

199 2698 263 2741 P2'
369 2701 394 2740 8
426 2697 696 2752 Πρωτάσιος
722 2699 765 2741 V
789 2699 888 2741 Mor
916 2699 921 2757 Ι
951 2698 973 2742 ὁ
1007 2698 1146 2749 αὐτὸς
1178 2697 1332 2740 Gasda
1439 2701 1492 2739 12
1524 2697 1631 2746 τοὺς
1661 2697 1784 2741 inser
1808 2697 1876 2741 A2

276 2761 328 2799 13
362 2755 554 2811 ἐδεόμην
586 2758 629 2800 L
671 2759 676 2811 1
728 2754 854 2815 ᾤδει]
895 2757 929 2801 ὤ
963 2772 1066 2800 cum
1095 2756 1264 2800 lacuna
1294 2755 1435 2799 trium
1465 2755 1727 2798 lissterarum
1758 2757 1800 2800 L

201 2820 255 2858 20
290 2811 363 2859 ὅδ’
385 2816 476 2859 ΑΒ
490 2817 569 2859 VL
601 2815 710 2858 Fen·
741 2816 841 2858 Mor
868 2816 873 2874 Ι
903 2816 961 2871 δή
983 2833 1026 2859 τι
1055 2830 1128 2859 om
1153 2817 1195 2859 L
1287 2819 1341 2857 23
1368 2814 1510 2859 αὐτὸν
1535 2816 1671 2858 AVL
1699 2815 1704 2872 Ι
1733 2815 1872 2870 ἠναγ-

199 2873 386 2929 κάσθην
408 2875 451 2917 V
476 2875 557 2917 sed
587 2874 804 2916 ultimum
836 2893 862 2919 v
895 2889 1075 2918 erasum
1107 2875 1149 2918 L
1182 2874 1291 2916 Ferr
1321 2874 1422 2916 Mor
1560 2878 1614 2916 25
1656 2873 1711 2929 δὴ
1752 2874 1875 2916 inser

197 2931 309 2976 Ferr
338 2933 387 2975 in
419 2947 550 2989 marg
582 2947 655 2976 om
686 2934 821 2976 APB
