2026 3168
179 135 249 189 58
719 135 945 179 ΠΒΑΝΠ
977 136 1315 182 ORATIONES

170 275 334 324 Antea
383 276 499 324 dum
556 276 706 325 codex
751 276 937 324 Romae
992 278 1086 336 est,
1141 276 1256 323 Fed.
1302 276 1563 325 Morellum
1614 277 1717 326 eius
1771 294 1851 327 co-

170 351 307 412 piam
344 353 545 398 nactum
584 365 687 398 esse
727 349 1018 397 lectionibus
1063 350 1320 411 utriusque
1367 351 1703 400 communibus
1750 368 1851 400 cer-

170 424 419 473 tissimum
457 424 526 471 fit.
605 422 865 472 Orationes
910 421 981 482 εἰς
1022 418 1316 488 Ἐλλέβιχον,
1362 422 1471 490 περὶ
1517 432 1614 473 τῶν
1656 424 1710 474 ἐν
1747 429 1852 486 ταῖς

170 495 360 563 ’ἑορταῖς
408 497 638 560 κλήσεων,
686 498 811 546 alias
851 514 909 544 ex
946 497 1096 545 huius
1136 497 1315 546 codicis
1355 499 1640 563 apographo
1682 500 1852 562 edidit,

172 572 303 634 quod
345 570 560 619 codicem
599 564 972 636 Romanum1)
1021 571 1295 633 appellavit
1337 586 1595 634 suppresso
1636 574 1850 622 auctoris

171 644 366 693 nomine
405 644 619 692 Leonis
651 645 892 706 Allatii,
932 645 1021 706 qui
1059 644 1118 691 de
1157 645 1248 692 hac
1286 661 1338 693 re
1379 647 1603 707 queritur
1640 647 1692 694 in
1723 647 1850 696 libro

170 720 407 801 inscripto
439 718 572 779 Apes
606 720 834 768 Urbanae
873 722 922 766 et
953 719 1085 766 edito
1117 719 1301 766 Romae
1338 720 1476 768 1633
1516 737 1563 782 p.
1601 723 1702 770 177
1738 715 1852 790 (ite-

170 809 280 840 rum
324 792 561 855 impresso
608 792 888 856 Hamburgi
931 795 1068 840 1711
1118 810 1166 855 p.
1202 786 1330 858 249)
1371 794 1423 840 in
1461 794 1590 842 hunc
1627 795 1851 843 modum:

171 866 256 926 (L.
281 864 521 927 Allatius)
560 868 738 915 multas
775 867 983 923 Libanii
1017 866 1269 916 Orationes
1305 868 1522 915 nondum
1551 883 1638 917 1166
1670 868 1852 918 Graece

167 956 256 990 1166
291 939 472 988 Latine
510 941 665 989 editas
702 942 909 989 Morello
951 941 1194 989 Lutetiam
1239 943 1451 996 miserat,
1496 946 1552 989 ut
1589 942 1852 999 ederentur,

169 1028 292 1076 quas
330 1014 410 1062 ille
447 1029 704 1075 suppresso
742 1014 918 1063 Allata·
954 1017 1148 1063 1101111116
1184 1016 1274 1063 sub
1317 1014 1506 1063 Codicis
1543 1016 1758 1064 Romani
1795 1019 1852 1064 ti-

169 1089 268 1136 tulo
296 1089 580 1148 publicavit.
644 1089 781 1149 Quod
809 1089 1218 1137 subindicandwm
1257 1103 1354 1137 esse
1393 1091 1570 1145 censui,
1607 1094 1663 1137 ut
1697 1092 1855 1139 sciant

168 1165 241 1211 ret
286 1163 582 1211 Litterariae
626 1163 831 1211 studiosi
867 1164 1190 1222 politissimam
1238 1162 1489 1211 Orationes
1535 1164 1697 1212 Leone
1738 1165 1853 1214 illas

174 1237 506 1298 Typoyraphis
535 1240 810 1297 suyyerente
841 1251 983 1285 cusas
1012 1238 1178 1297 fuisse.
1254 1236 1432 1285 Postea
1469 1237 1665 1285 videtur
1703 1238 1853 1286 codex

169 1309 412 1358 Ioannis
458 1310 654 1357 Altini
707 1303 767 1377 (†
811 1304 974 1376 1640)
1026 1310 1198 1371 fuisse,
1249 1312 1336 1372 qui
1384 1325 1530 1358 usum
1580 1311 1683 1359 eius
1736 1313 1855 1360 fecit

168 1383 383 1432 Hem-ico
423 1383 621 1432 Valesio
659 1383 857 1431 Libanii
900 1386 1148 1433 orationes
1188 1384 1395 1432 edituro.
1409 1378 1450 1450 ²)
1520 1385 1683 1433 Altini
1721 1387 1854 1433 enim

169 1458 358 1506 codices
398 1473 598 1520 graecos
635 1474 735 1506 non
773 1474 940 1506 omnes
980 1458 1041 1506 ab
1073 1459 1254 1506 Ioanne
1289 1458 1427 1506 Moro
1468 1459 1695 1520 episcopo
1727 1459 1852 1508 Nor-

169 1532 353 1580 vicensi
402 1533 575 1593 postea
624 1532 814 1580 Eliensi
865 1535 1054 1594 emptos
1113 1547 1237 1593 esse,
1296 1532 1380 1580 sed
1431 1548 1456 1580 6
1505 1534 1646 1594 parte
1701 1532 1852 1580 etiam

170 1605 233 1652 ad
289 1605 593 1667 Stephanum
642 1606 903 1654 Baluzium
951 1607 1230 1668 pervenisse
1278 1608 1482 1655 constat.
1495 1600 1537 1672 3)
1619 1607 1852 1670 Magnam

169 1682 363 1742 partem
402 1680 684 1727 orationum
724 1696 851 1729 anno
888 1681 1027 1728 1868
1070 1678 1233 1728 Gasda
1271 1681 1485 1728 contulit
1522 1681 1572 1727 et
1611 1695 1851 1727 commen-

170 1753 446 1801 tationibus
486 1753 735 1816 inscriptis
775 1755 874 1815 „Zu
914 1754 1146 1802 Libanios
1179 1754 1215 1802 Ι.
1248 1753 1298 1800 Π
1333 1747 1656 1820 (Hirschberg
1693 1755 1849 1803 1868.

291 1882 332 1936 1)
364 1880 607 1924 Lectiones
638 1879 777 1923 huius
810 1879 983 1923 codicis
1015 1879 1064 1922 in
1088 1879 1200 1923 Vita
1232 1879 1374 1923 etiam
1404 1879 1455 1922 in
1485 1879 1744 1938 marginem
1775 1893 1851 1923 ex-

170 1938 389 1994 emplaris
429 1938 648 1982 editionis
681 1938 986 1982 Ferrariensis
1019 1938 1145 1994 quod
1183 1951 1324 1994 penes
1364 1952 1437 1982 me
1470 1941 1553 1992 est,
1593 1939 1850 1982 translatae

169 1999 278 2040 sunt
306 1997 572 2054 praemissis
603 1997 681 2041 hic
711 1997 811 2042 il'lic
843 1997 974 2055 siglis
1006 2012 1040 2041 6.
1061 1999 1118 2042 R.
1149 1997 1221 2041 vel
1246 1998 1371 2043 110.
1404 1997 1477 2041 vel
1505 1998 1549 2043 0
1577 1999 1649 2043 Ro
1682 1998 1849 2054 quibus

170 2057 365 2114 Reyium
389 2057 596 2100 codicem
620 2056 874 2114 significari
899 2057 1011 2101 olim
1026 2056 1243 2100 Reiskius
1268 2058 1329 2113 (p
1349 2061 1403 2099 25
1428 2072 1471 2100 n.
1495 2061 1568 2111 123
1594 2072 1638 2113 Ρ
1659 2062 1712 2100 29
1738 2071 1781 2099 n.
1800 2062 1847 2112 4,

167 2131 213 2218 pi
241 2118 313 2172 39)
345 2116 563 2219 opinatus
588 2118 701 2170 erat,
733 2116 783 2159 id
808 2116 969 2171 quod
955 2129 1057 2172 ipse
1080 2118 1244 2172 postea
1268 2119 1328 2172 (p.
1358 2120 1441 2159 158
1470 2131 1512 2159 n.
1541 2119 1613 2187 66)
1640 2116 1847 2160 correxit.

206 2174 235 2218 f.
268 2174 453 2231 infrap

288 2236 332 2290 2)
364 2190 453 2277 Cfp
456 2247 596 2291 supra
619 2249 663 2291 p.
691 2239 746 2277 33
770 2249 814 2277 n.
841 2239 880 2276 2.
931 2233 1090 2278 Oratio
1116 2234 1304 2289 quidem
1327 2234 1445 2289 πρὸς
1473 2231 1716 2291 Ἀντιοχεῖς
1741 2235 1848 2289 περὶ

168 2298 249 2348 τῆς
278 2299 359 2336 τοῦ
392 2291 611 2351 βασιλέως
643 2293 780 2350 ὀργῆς
819 2306 959 2349 quam
1001 2308 1054 2337 ex
1086 2293 1260 2337 duobus
1294 2292 1531 2336 006116ίῦ113
1567 2306 1666 2336 3636
1698 2292 1849 2336 editu-

167 2365 271 2394 rum
294 2351 507 2395 Valesius
540 2352 768 2408 promisit,
799 2351 849 2395 in
872 2352 1126 2395 Bai-berino
1159 2365 1284 2406 sane,
1316 2364 1402 2395 nec
1431 2364 1540 2394 vero
1564 2351 1614 2393 in
1636 2351 1847 2394 Parisino

170 2412 342 2464 exstat·
375 2411 456 2454 sed
481 2411 599 2454 illud
624 2412 797 2456 duobus
821 2411 959 2454 facile
992 2410 1135 2454 errori
1158 2410 1336 2454 Valesii
1366 2410 1631 2454 memoriter
1658 2410 1848 2454 citantis

168 2468 314 2512 tribui
351 2471 519 2525 potest,
561 2470 735 2526 quippe
775 2470 855 2537 qui
895 2470 1026 2512 illam
1066 2470 1324 2513 orationem
1355 2469 1548 2513 eandem
1582 2481 1680 2512 esse
1712 2471 1848 2525 puta-

167 2527 287 2570 verit
325 2530 465 2583 atque
509 2541 611 2572 eam
654 2542 781 2602 quae
814 2529 864 2572 in
907 2528 1066 2572 codice
1109 2528 1188 2571 fol.
1224 2533 1307 2572 165
1348 2527 1576 2601 inscripta
1620 2529 1690 2571 est
1731 2527 1849 2583 πρὸς

170 2586 398 2688 {efflizxrfgg
405 2585 700 2689 hfgss'fflss‘ffg‘
718 2583 1847 2700 13ξ1711ἒτ13αἶὲοςεωγῗῦοαηέτῗωνίῗΐξὴῶἒΐω011ὲὲἱηῖ

169 2704 324 2747 Altini
352 2706 621 2761 supplevisse
658 2706 859 2749 testatur
881 2705 1095 2748 Valesius
1120 2705 1288 2747 Annot.
1315 2703 1364 2746 in
1387 2702 1506 2747 Hist.
1533 2703 1695 2747 666163
1723 2704 1845 2748 Socr.

168 2762 248 2806 lib.
281 2763 345 2806 III
375 2776 462 2819 cap
430 2778 475 2819 p.
508 2763 717 2819 XXIIIp
686 2779 730 2819 p.
757 2768 826 2815 44,
859 2763 907 2806 in
940 2763 1098 2807 codice
1129 2764 1293 2805 exstat.

288 2824 332 2878 3)
365 2821 430 2866 Cf.
464 2821 660 2877 Delisle,
701 2822 763 2866 Le
796 2821 992 2866 Cabinet
1023 2822 1104 2865 des
1136 2821 1415 2864 Manuscrits
1449 2821 1507 2864 de
1537 2820 1585 2864 la
1615 2821 1728 2864 bibl.
1761 2821 1846 2866 im-

169 2880 347 2936 periale
378 2883 410 2924 t.
435 2881 456 2924 Ι
487 2897 530 2937 p.
558 2886 642 2924 365
675 2883 723 2924 et
752 2881 815 2923 III
845 2896 889 2936 p.
917 2885 1014 2924 379.
1079 2879 1268 2933 Omont,
1308 2879 1568 2924 Inventaire
1601 2880 1845 2924 sommaire

170 2939 250 2983 des
282 2953 509 2984 manuscr.
544 2954 610 2998 gr.
645 2940 702 2983 de
733 2939 780 2982 la
810 2939 924 2983 bibl.
957 2941 1051 2982 nat.
1085 2939 1135 2982 Τ.
1161 2939 1181 2982 Ι
1211 2938 1605 2995 Introduction-p.
1631 2939 1791 2983 XVIII.
