<?xml version="1.0" encoding="UTF-8"?>
<!DOCTYPE html PUBLIC "-//W3C//DTD XHTML 1.0 Transitional//EN"
    "http://www.w3.org/TR/xhtml1/DTD/xhtml1-transitional.dtd">
<html xmlns="http://www.w3.org/1999/xhtml" xml:lang="en" lang="en">
 <head>
  <title>
</title>
<meta http-equiv="Content-Type" content="text/html;charset=utf-8" />
  <meta name='ocr-system' content='tesseract 3.04.00' />
  <meta name='ocr-capabilities' content='ocr_page ocr_carea ocr_par ocr_line ocrx_word'/>
</head>
<body>
  <div class='ocr_page' id='page_1' title='image "./operarecensuitri01libauoft_0233.png"; bbox 0 0 2026 3168; ppageno 0'>
   <div class='ocr_carea' id='block_1_1' title="bbox 711 122 1852 175">
    <p class='ocr_par' dir='ltr' id='par_1_1' title="bbox 711 122 1852 175">
     <span class='ocr_line' id='line_1_1' title="bbox 711 122 1852 175; baseline -0.002 -6"><span class='ocrx_word' id='word_1_1' title='bbox 711 125 938 169; x_wconf 83' lang='lat' dir='ltr'>LIBANH</span> <span class='ocrx_word' id='word_1_2' title='bbox 969 123 1311 169; x_wconf 86' lang='lat' dir='ltr'><strong>ORATIONES</strong></span> <span class='ocrx_word' id='word_1_3' title='bbox 1745 122 1778 175; x_wconf 82' lang='grc'><strong><em>2</em></strong></span> <span class='ocrx_word' id='word_1_4' title='bbox 1786 123 1813 174; x_wconf 91' lang='grc'>1</span> <span class='ocrx_word' id='word_1_5' title='bbox 1823 123 1852 174; x_wconf 84' lang='grc'>7</span> 
     </span>
    </p>
   </div>
   <div class='ocr_carea' id='block_1_2' title="bbox 166 261 1858 2354">
    <p class='ocr_par' dir='ltr' id='par_1_2' title="bbox 282 261 1449 328">
     <span class='ocr_line' id='line_1_2' title="bbox 282 261 1449 328; baseline -0.002 -15"><span class='ocrx_word' id='word_1_6' title='bbox 282 267 385 315; x_wconf 83' lang='lat'>279</span> <span class='ocrx_word' id='word_1_7' title='bbox 449 264 706 328; x_wconf 81' lang='grc' dir='ltr'><em>ἐπιτάφιος</em></span> <span class='ocrx_word' id='word_1_8' title='bbox 744 265 813 324; x_wconf 86' lang='grc' dir='ltr'>εἰς</span> <span class='ocrx_word' id='word_1_9' title='bbox 851 263 937 314; x_wconf 87' lang='grc' dir='ltr'>τὸν</span> <span class='ocrx_word' id='word_1_10' title='bbox 975 261 1156 313; x_wconf 71' lang='grc' dir='ltr'><em>ἄθλιον</em></span> <span class='ocrx_word' id='word_1_11' title='bbox 1196 261 1449 312; x_wconf 84' lang='grc' dir='ltr'><em>ἰουλιανὸν</em></span> 
     </span>
    </p>

    <p class='ocr_par' dir='ltr' id='par_1_3' title="bbox 282 336 645 405">
     <span class='ocr_line' id='line_1_3' title="bbox 282 336 645 405; baseline 0 -17"><span class='ocrx_word' id='word_1_12' title='bbox 282 341 386 388; x_wconf 82' lang='lat'>332</span> <span class='ocrx_word' id='word_1_13' title='bbox 450 336 645 405; x_wconf 77' lang='grc' dir='ltr'><em>ἅρτεμις</em></span> 
     </span>
    </p>

    <p class='ocr_par' dir='ltr' id='par_1_4' title="bbox 281 409 1514 479">
     <span class='ocr_line' id='line_1_4' title="bbox 281 409 1514 479; baseline -0.003 -17"><span class='ocrx_word' id='word_1_14' title='bbox 281 414 413 463; x_wconf 57' lang='lat'>338*</span> <span class='ocrx_word' id='word_1_15' title='bbox 451 412 574 479; x_wconf 82' lang='grc' dir='ltr'><em>πρὸς</em></span> <span class='ocrx_word' id='word_1_16' title='bbox 610 411 696 462; x_wconf 90' lang='grc' dir='ltr'>τὸν</span> <span class='ocrx_word' id='word_1_17' title='bbox 735 410 934 477; x_wconf 82' lang='grc' dir='ltr'><em>βασιλέα</em></span> <span class='ocrx_word' id='word_1_18' title='bbox 972 409 1081 477; x_wconf 83' lang='grc' dir='ltr'><strong><em>περὶ</em></strong></span> <span class='ocrx_word' id='word_1_19' title='bbox 1120 418 1216 460; x_wconf 86' lang='grc' dir='ltr'>τῶν</span> <span class='ocrx_word' id='word_1_20' title='bbox 1256 410 1514 474; x_wconf 81' lang='grc' dir='ltr'><em>δεσμωτῶν</em></span> 
     </span>
    </p>

    <p class='ocr_par' dir='ltr' id='par_1_5' title="bbox 281 483 1801 553">
     <span class='ocr_line' id='line_1_5' title="bbox 281 483 1801 553; baseline -0.003 -17"><span class='ocrx_word' id='word_1_21' title='bbox 281 488 384 536; x_wconf 90' lang='grc'>346</span> <span class='ocrx_word' id='word_1_22' title='bbox 447 485 571 553; x_wconf 81' lang='grc' dir='ltr'>ὑπὲρ</span> <span class='ocrx_word' id='word_1_23' title='bbox 610 486 788 536; x_wconf 79' lang='grc' dir='ltr'><em>ἑαυτοῦ</em></span> <span class='ocrx_word' id='word_1_24' title='bbox 826 485 910 536; x_wconf 81' lang='grc' dir='ltr'>διὰ</span> <span class='ocrx_word' id='word_1_25' title='bbox 946 485 1038 550; x_wconf 82' lang='grc' dir='ltr'>τὴν</span> <span class='ocrx_word' id='word_1_26' title='bbox 1075 484 1198 551; x_wconf 80' lang='grc' dir='ltr'><em>πρὸς</em></span> <span class='ocrx_word' id='word_1_27' title='bbox 1237 483 1462 549; x_wconf 82' lang='grc' dir='ltr'><em>ἀντίοχον</em></span> <span class='ocrx_word' id='word_1_28' title='bbox 1501 483 1801 549; x_wconf 73' lang='grc' dir='ltr'><em>συνηγορίαν</em></span> 
     </span>
    </p>

    <p class='ocr_par' dir='ltr' id='par_1_6' title="bbox 281 559 849 627">
     <span class='ocr_line' id='line_1_6' title="bbox 281 559 849 627; baseline 0 -17"><span class='ocrx_word' id='word_1_29' title='bbox 281 562 385 610; x_wconf 88' lang='lat'>353</span> <span class='ocrx_word' id='word_1_30' title='bbox 447 560 571 627; x_wconf 81' lang='grc' dir='ltr'><em>πρὸς</em></span> <span class='ocrx_word' id='word_1_31' title='bbox 608 559 849 610; x_wconf 81' lang='grc' dir='ltr'><em>πολυκλέα</em></span> 
     </span>
    </p>

    <p class='ocr_par' dir='ltr' id='par_1_7' title="bbox 282 633 1177 701">
     <span class='ocr_line' id='line_1_7' title="bbox 282 633 1177 701; baseline -0.001 -18"><span class='ocrx_word' id='word_1_32' title='bbox 282 636 386 684; x_wconf 83' lang='grc'>357</span> <span class='ocrx_word' id='word_1_33' title='bbox 449 633 572 701; x_wconf 82' lang='grc' dir='ltr'><em>πρὸς</em></span> <span class='ocrx_word' id='word_1_34' title='bbox 610 634 875 684; x_wconf 77' lang='grc' dir='ltr'><em>εὐστάθιον</em></span> <span class='ocrx_word' id='word_1_35' title='bbox 914 633 998 683; x_wconf 92' lang='grc' dir='ltr'>τὸν</span> <span class='ocrx_word' id='word_1_36' title='bbox 1035 642 1177 700; x_wconf 79' lang='grc' dir='ltr'><em>κᾶρα.</em></span> 
     </span>
    </p>

    <p class='ocr_par' dir='ltr' id='par_1_8' title="bbox 166 721 1856 1026">
     <span class='ocr_line' id='line_1_8' title="bbox 278 721 1854 784; baseline -0.003 -13"><span class='ocrx_word' id='word_1_37' title='bbox 278 724 455 772; x_wconf 86' lang='lat' dir='ltr'>Finem</span> <span class='ocrx_word' id='word_1_38' title='bbox 491 725 638 772; x_wconf 88' lang='lat' dir='ltr'>huius</span> <span class='ocrx_word' id='word_1_39' title='bbox 678 724 917 773; x_wconf 88' lang='lat' dir='ltr'>orationis</span> <span class='ocrx_word' id='word_1_40' title='bbox 955 725 1008 771; x_wconf 90' lang='lat' dir='ltr'>in</span> <span class='ocrx_word' id='word_1_41' title='bbox 1046 724 1132 772; x_wconf 89' lang='lat' dir='ltr'>fol.</span> <span class='ocrx_word' id='word_1_42' title='bbox 1166 723 1270 771; x_wconf 88' lang='grc'>358</span> <span class='ocrx_word' id='word_1_43' title='bbox 1305 723 1528 784; x_wconf 88' lang='lat' dir='ltr'>sequitur</span> <span class='ocrx_word' id='word_1_44' title='bbox 1558 721 1854 783; x_wconf 73' lang='lat' dir='ltr'><strong>subscriptio</strong></span> 
     </span>
     <span class='ocr_line' id='line_1_9' title="bbox 169 809 1854 878; baseline -0.001 -18"><span class='ocrx_word' id='word_1_45' title='bbox 169 809 429 875; x_wconf 80' lang='grc' dir='ltr'><strong><em>ἐτελειώθη</em></strong></span> <span class='ocrx_word' id='word_1_46' title='bbox 468 811 521 861; x_wconf 89' lang='grc' dir='ltr'>τὸ</span> <span class='ocrx_word' id='word_1_47' title='bbox 561 811 721 878; x_wconf 80' lang='grc' dir='ltr'><em>παρὸν</em></span> <span class='ocrx_word' id='word_1_48' title='bbox 752 812 944 877; x_wconf 83' lang='grc' dir='ltr'><em>βιβλίον</em></span> <span class='ocrx_word' id='word_1_49' title='bbox 978 811 1282 870; x_wconf 83' lang='grc' dir='ltr'><em>ι’νὸικτιῶνος</em></span> <span class='ocrx_word' id='word_1_50' title='bbox 1321 811 1415 859; x_wconf 61' lang='lat'><em>“5²1³</em></span> <span class='ocrx_word' id='word_1_51' title='bbox 1445 810 1583 869; x_wconf 76' lang='grc' dir='ltr'><em>ἔτους</em></span> <span class='ocrx_word' id='word_1_52' title='bbox 1621 810 1771 875; x_wconf 66' lang='grc' dir='ltr'>,ςωκὸ</span> <span class='ocrx_word' id='word_1_53' title='bbox 1800 819 1854 875; x_wconf 65' lang='lat'>&gt;59</span> 
     </span>
     <span class='ocr_line' id='line_1_10' title="bbox 166 886 1856 948; baseline -0.001 -15"><span class='ocrx_word' id='word_1_54' title='bbox 166 886 293 934; x_wconf 88' lang='lat' dir='ltr'>hanc</span> <span class='ocrx_word' id='word_1_55' title='bbox 338 902 491 934; x_wconf 87' lang='lat' dir='ltr'>manu</span> <span class='ocrx_word' id='word_1_56' title='bbox 537 887 749 935; x_wconf 88' lang='lat' dir='ltr'>secunda</span> <span class='ocrx_word' id='word_1_57' title='bbox 796 887 1006 948; x_wconf 85' lang='lat' dir='ltr'>scriptus</span> <span class='ocrx_word' id='word_1_58' title='bbox 1057 886 1234 934; x_wconf 88' lang='lat' dir='ltr'>titulus</span> <span class='ocrx_word' id='word_1_59' title='bbox 1287 886 1524 934; x_wconf 88' lang='lat' dir='ltr'>orationis</span> <span class='ocrx_word' id='word_1_60' title='bbox 1575 901 1704 947; x_wconf 87' lang='lat' dir='ltr'>quae</span> <span class='ocrx_word' id='word_1_61' title='bbox 1753 886 1856 933; x_wconf 87' lang='lat' dir='ltr'>iam</span> 
     </span>
     <span class='ocr_line' id='line_1_11' title="bbox 169 957 1498 1026; baseline 0.001 -19"><span class='ocrx_word' id='word_1_62' title='bbox 169 977 267 1008; x_wconf 91' lang='lat' dir='ltr'>non</span> <span class='ocrx_word' id='word_1_63' title='bbox 307 963 468 1008; x_wconf 87' lang='lat' dir='ltr'>exstat</span> <span class='ocrx_word' id='word_1_64' title='bbox 506 959 628 1026; x_wconf 82' lang='grc' dir='ltr'><em>πρὸς</em></span> <span class='ocrx_word' id='word_1_65' title='bbox 666 959 781 1019; x_wconf 81' lang='grc' dir='ltr'><em>τοὺς</em></span> <span class='ocrx_word' id='word_1_66' title='bbox 820 958 963 1019; x_wconf 84' lang='grc' dir='ltr'><em>νέους</em></span> <span class='ocrx_word' id='word_1_67' title='bbox 1001 957 1110 1026; x_wconf 85' lang='grc' dir='ltr'><strong><em>περὶ</em></strong></span> <span class='ocrx_word' id='word_1_68' title='bbox 1147 966 1235 1008; x_wconf 83' lang='grc' dir='ltr'>τοῦ</span> <span class='ocrx_word' id='word_1_69' title='bbox 1274 958 1498 1023; x_wconf 78' lang='grc' dir='ltr'><em>τάπητος.</em></span> 
     </span>
    </p>

    <p class='ocr_par' dir='ltr' id='par_1_9' title="bbox 169 1034 1857 1320">
     <span class='ocr_line' id='line_1_12' title="bbox 277 1034 1856 1098; baseline 0 -17"><span class='ocrx_word' id='word_1_70' title='bbox 277 1034 374 1082; x_wconf 88' lang='lat' dir='ltr'>Per</span> <span class='ocrx_word' id='word_1_71' title='bbox 410 1037 572 1083; x_wconf 86' lang='lat' dir='ltr'>totum</span> <span class='ocrx_word' id='word_1_72' title='bbox 612 1035 828 1083; x_wconf 82' lang='lat' dir='ltr'>codicem</span> <span class='ocrx_word' id='word_1_73' title='bbox 868 1035 953 1096; x_wconf 89' lang='lat' dir='ltr'>qui</span> <span class='ocrx_word' id='word_1_74' title='bbox 993 1051 1017 1082; x_wconf 87' lang='lat' dir='ltr'>e</span> <span class='ocrx_word' id='word_1_75' title='bbox 1057 1050 1233 1098; x_wconf 84' lang='lat' dir='ltr'>genere</span> <span class='ocrx_word' id='word_1_76' title='bbox 1263 1034 1530 1082; x_wconf 85' lang='lat' dir='ltr'>mixtorum</span> <span class='ocrx_word' id='word_1_77' title='bbox 1562 1035 1650 1094; x_wconf 84' lang='lat' dir='ltr'>est,</span> <span class='ocrx_word' id='word_1_78' title='bbox 1681 1049 1856 1081; x_wconf 89' lang='lat' dir='ltr'>manus</span> 
     </span>
     <span class='ocr_line' id='line_1_13' title="bbox 171 1107 1857 1172; baseline 0 -17"><span class='ocrx_word' id='word_1_79' title='bbox 171 1108 386 1156; x_wconf 87' lang='lat' dir='ltr'>secunda</span> <span class='ocrx_word' id='word_1_80' title='bbox 418 1109 637 1157; x_wconf 87' lang='lat' dir='ltr'>cernitur</span> <span class='ocrx_word' id='word_1_81' title='bbox 668 1109 944 1172; x_wconf 87' lang='lat' dir='ltr'>corrigendi</span> <span class='ocrx_word' id='word_1_82' title='bbox 967 1109 1165 1170; x_wconf 86' lang='lat' dir='ltr'>quidem</span> <span class='ocrx_word' id='word_1_83' title='bbox 1192 1123 1370 1156; x_wconf 91' lang='lat' dir='ltr'>munus</span> <span class='ocrx_word' id='word_1_84' title='bbox 1394 1108 1576 1168; x_wconf 89' lang='lat' dir='ltr'>obiens,</span> <span class='ocrx_word' id='word_1_85' title='bbox 1608 1108 1693 1156; x_wconf 83' lang='lat' dir='ltr'>sed</span> <span class='ocrx_word' id='word_1_86' title='bbox 1721 1107 1857 1155; x_wconf 89' lang='lat' dir='ltr'>haud</span> 
     </span>
     <span class='ocr_line' id='line_1_14' title="bbox 169 1180 1856 1231; baseline -0.001 -1"><span class='ocrx_word' id='word_1_87' title='bbox 169 1183 318 1230; x_wconf 90' lang='lat' dir='ltr'>semel</span> <span class='ocrx_word' id='word_1_88' title='bbox 349 1182 512 1230; x_wconf 89' lang='lat' dir='ltr'>media</span> <span class='ocrx_word' id='word_1_89' title='bbox 542 1185 596 1230; x_wconf 92' lang='lat' dir='ltr'>in</span> <span class='ocrx_word' id='word_1_90' title='bbox 626 1185 709 1231; x_wconf 81' lang='lat' dir='ltr'>via</span> <span class='ocrx_word' id='word_1_91' title='bbox 743 1183 796 1230; x_wconf 91' lang='lat' dir='ltr'>id</span> <span class='ocrx_word' id='word_1_92' title='bbox 835 1185 909 1230; x_wconf 90' lang='lat' dir='ltr'>est</span> <span class='ocrx_word' id='word_1_93' title='bbox 946 1183 999 1229; x_wconf 94' lang='lat' dir='ltr'>in</span> <span class='ocrx_word' id='word_1_94' title='bbox 1034 1182 1251 1230; x_wconf 89' lang='lat' dir='ltr'>radendo</span> <span class='ocrx_word' id='word_1_95' title='bbox 1293 1183 1575 1230; x_wconf 75' lang='lat' dir='ltr'>subsistens.</span> <span class='ocrx_word' id='word_1_96' title='bbox 1629 1180 1856 1230; x_wconf 83' lang='lat' dir='ltr'>Codicem</span> 
     </span>
     <span class='ocr_line' id='line_1_15' title="bbox 169 1251 822 1320; baseline 0.002 -16"><span class='ocrx_word' id='word_1_97' title='bbox 169 1256 355 1304; x_wconf 89' lang='lat' dir='ltr'>contuli</span> <span class='ocrx_word' id='word_1_98' title='bbox 395 1259 534 1305; x_wconf 81' lang='lat' dir='ltr'>annis</span> <span class='ocrx_word' id='word_1_99' title='bbox 577 1251 822 1320; x_wconf 77' lang='lat' dir='ltr'>1869s70.</span> 
     </span>
    </p>

    <p class='ocr_par' dir='ltr' id='par_1_10' title="bbox 168 1329 1858 2354">
     <span class='ocr_line' id='line_1_16' title="bbox 284 1329 1856 1393; baseline 0 -16"><span class='ocrx_word' id='word_1_100' title='bbox 284 1332 366 1377; x_wconf 87' lang='lat'>17.</span> <span class='ocrx_word' id='word_1_101' title='bbox 400 1329 563 1379; x_wconf 82' lang='lat' dir='ltr'>Codex</span> <span class='ocrx_word' id='word_1_102' title='bbox 594 1330 933 1379; x_wconf 85' lang='lat' dir='ltr'>Marcianus</span> <span class='ocrx_word' id='word_1_103' title='bbox 968 1329 1336 1393; x_wconf 83' lang='lat' dir='ltr'>Appendicis</span> <span class='ocrx_word' id='word_1_104' title='bbox 1360 1329 1471 1378; x_wconf 84' lang='lat' dir='ltr'>XCI</span> <span class='ocrx_word' id='word_1_105' title='bbox 1498 1332 1543 1377; x_wconf 80' lang='lat'>2.</span> <span class='ocrx_word' id='word_1_106' title='bbox 1577 1329 1856 1378; x_wconf 91' lang='lat' dir='ltr'>class.VIII</span> 
     </span>
     <span class='ocr_line' id='line_1_17' title="bbox 171 1397 1858 1471; baseline -0.001 -19"><span class='ocrx_word' id='word_1_107' title='bbox 171 1404 274 1452; x_wconf 90' lang='lat' dir='ltr'>cod.</span> <span class='ocrx_word' id='word_1_108' title='bbox 306 1404 377 1451; x_wconf 85' lang='lat' dir='ltr'>IX</span> <span class='ocrx_word' id='word_1_109' title='bbox 416 1397 511 1470; x_wconf 80' lang='lat'>(=</span> <span class='ocrx_word' id='word_1_110' title='bbox 543 1398 615 1471; x_wconf 83' lang='grc' dir='ltr'>Ι),</span> <span class='ocrx_word' id='word_1_111' title='bbox 662 1405 780 1453; x_wconf 90' lang='lat' dir='ltr'>olim</span> <span class='ocrx_word' id='word_1_112' title='bbox 826 1404 1152 1452; x_wconf 76' lang='lat' dir='ltr'>bibliothecae</span> <span class='ocrx_word' id='word_1_113' title='bbox 1191 1404 1415 1452; x_wconf 89' lang='lat' dir='ltr'>coenobii</span> <span class='ocrx_word' id='word_1_114' title='bbox 1455 1404 1527 1452; x_wconf 88' lang='lat' dir='ltr'>Ss.</span> <span class='ocrx_word' id='word_1_115' title='bbox 1567 1402 1768 1451; x_wconf 82' lang='lat' dir='ltr'>Ioannis</span> <span class='ocrx_word' id='word_1_116' title='bbox 1809 1406 1858 1451; x_wconf 88' lang='lat' dir='ltr'>et</span> 
     </span>
     <span class='ocr_line' id='line_1_18' title="bbox 168 1477 1857 1539; baseline -0.001 -14"><span class='ocrx_word' id='word_1_117' title='bbox 168 1478 315 1525; x_wconf 75' lang='lat' dir='ltr'>Pauli</span> <span class='ocrx_word' id='word_1_118' title='bbox 354 1495 399 1526; x_wconf 89' lang='lat' dir='ltr'>n.</span> <span class='ocrx_word' id='word_1_119' title='bbox 431 1477 560 1539; x_wconf 84' lang='lat' dir='ltr'>LVI,</span> <span class='ocrx_word' id='word_1_120' title='bbox 601 1481 680 1527; x_wconf 92' lang='lat' dir='ltr'>cui</span> <span class='ocrx_word' id='word_1_121' title='bbox 720 1495 748 1526; x_wconf 90' lang='lat' dir='ltr'>a</span> <span class='ocrx_word' id='word_1_122' title='bbox 785 1478 1088 1526; x_wconf 90' lang='lat' dir='ltr'>Ioachimo</span> <span class='ocrx_word' id='word_1_123' title='bbox 1126 1479 1419 1526; x_wconf 87' lang='lat' dir='ltr'>Turriano</span> <span class='ocrx_word' id='word_1_124' title='bbox 1451 1478 1671 1526; x_wconf 88' lang='lat' dir='ltr'>Veneto</span> <span class='ocrx_word' id='word_1_125' title='bbox 1709 1478 1857 1525; x_wconf 90' lang='lat' dir='ltr'>huius</span> 
     </span>
     <span class='ocr_line' id='line_1_19' title="bbox 172 1550 1858 1615; baseline -0.001 -15"><span class='ocrx_word' id='word_1_126' title='bbox 172 1551 396 1600; x_wconf 89' lang='lat' dir='ltr'>coenobii</span> <span class='ocrx_word' id='word_1_127' title='bbox 441 1555 723 1615; x_wconf 89' lang='lat' dir='ltr'>praeposito</span> <span class='ocrx_word' id='word_1_128' title='bbox 764 1568 989 1614; x_wconf 86' lang='lat' dir='ltr'>annoque</span> <span class='ocrx_word' id='word_1_129' title='bbox 1033 1553 1172 1600; x_wconf 84' lang='lat'>1486</span> <span class='ocrx_word' id='word_1_130' title='bbox 1216 1550 1414 1600; x_wconf 89' lang='lat' dir='ltr'>Ordinis</span> <span class='ocrx_word' id='word_1_131' title='bbox 1452 1552 1858 1614; x_wconf 88' lang='lat' dir='ltr'>Praedicatorum</span> 
     </span>
     <span class='ocr_line' id='line_1_20' title="bbox 171 1619 1856 1692; baseline 0 -19"><span class='ocrx_word' id='word_1_132' title='bbox 171 1625 402 1674; x_wconf 86' lang='lat' dir='ltr'>Generali</span> <span class='ocrx_word' id='word_1_133' title='bbox 426 1627 580 1675; x_wconf 79' lang='lat' dir='ltr'>electo</span> <span class='ocrx_word' id='word_1_134' title='bbox 605 1627 686 1674; x_wconf 85' lang='lat' dir='ltr'>vel</span> <span class='ocrx_word' id='word_1_135' title='bbox 710 1626 772 1674; x_wconf 90' lang='lat' dir='ltr'>ab</span> <span class='ocrx_word' id='word_1_136' title='bbox 795 1627 1101 1689; x_wconf 83' lang='lat' dir='ltr'>Hieronymo</span> <span class='ocrx_word' id='word_1_137' title='bbox 1114 1627 1330 1674; x_wconf 88' lang='lat' dir='ltr'>Vielmio</span> <span class='ocrx_word' id='word_1_138' title='bbox 1355 1628 1584 1688; x_wconf 89' lang='lat' dir='ltr'>episcopo</span> <span class='ocrx_word' id='word_1_139' title='bbox 1609 1620 1671 1692; x_wconf 87' lang='lat'>(†</span> <span class='ocrx_word' id='word_1_140' title='bbox 1691 1619 1856 1692; x_wconf 82' lang='lat'>1582)</span> 
     </span>
     <span class='ocr_line' id='line_1_21' title="bbox 170 1695 1858 1767; baseline 0.001 -21"><span class='ocrx_word' id='word_1_141' title='bbox 170 1700 381 1749; x_wconf 86' lang='lat' dir='ltr'>donatus</span> <span class='ocrx_word' id='word_1_142' title='bbox 428 1715 530 1748; x_wconf 88' lang='lat' dir='ltr'>esse</span> <span class='ocrx_word' id='word_1_143' title='bbox 568 1701 766 1749; x_wconf 86' lang='lat' dir='ltr'>videtur</span> <span class='ocrx_word' id='word_1_144' title='bbox 777 1695 843 1767; x_wconf 85' lang='lat'>¹),</span> <span class='ocrx_word' id='word_1_145' title='bbox 891 1717 1019 1749; x_wconf 87' lang='lat' dir='ltr'>anno</span> <span class='ocrx_word' id='word_1_146' title='bbox 1063 1701 1201 1749; x_wconf 85' lang='lat'>1789</span> <span class='ocrx_word' id='word_1_147' title='bbox 1243 1701 1549 1748; x_wconf 85' lang='lat' dir='ltr'>Marcianam</span> <span class='ocrx_word' id='word_1_148' title='bbox 1595 1700 1858 1764; x_wconf 82' lang='lat' dir='ltr'>ingressuS,</span> 
     </span>
     <span class='ocr_line' id='line_1_22' title="bbox 171 1774 1856 1846; baseline 0 -25"><span class='ocrx_word' id='word_1_149' title='bbox 171 1774 458 1846; x_wconf 75' lang='lat' dir='ltr'>chartaceus</span> <span class='ocrx_word' id='word_1_150' title='bbox 497 1775 685 1823; x_wconf 84' lang='lat' dir='ltr'>formae</span> <span class='ocrx_word' id='word_1_151' title='bbox 725 1778 928 1823; x_wconf 77' lang='lat' dir='ltr'>octavae</span> <span class='ocrx_word' id='word_1_152' title='bbox 968 1776 1163 1823; x_wconf 85' lang='lat' dir='ltr'>saeculo</span> <span class='ocrx_word' id='word_1_153' title='bbox 1194 1774 1313 1821; x_wconf 89' lang='lat' dir='ltr'>XIV</span> <span class='ocrx_word' id='word_1_154' title='bbox 1344 1790 1443 1822; x_wconf 89' lang='lat' dir='ltr'>una</span> <span class='ocrx_word' id='word_1_155' title='bbox 1480 1790 1631 1822; x_wconf 87' lang='lat' dir='ltr'>manu</span> <span class='ocrx_word' id='word_1_156' title='bbox 1663 1774 1856 1837; x_wconf 85' lang='lat' dir='ltr'>elegan-</span> 
     </span>
     <span class='ocr_line' id='line_1_23' title="bbox 171 1849 1855 1912; baseline 0 -17"><span class='ocrx_word' id='word_1_157' title='bbox 171 1850 249 1895; x_wconf 90' lang='lat' dir='ltr'>ter</span> <span class='ocrx_word' id='word_1_158' title='bbox 272 1851 518 1912; x_wconf 81' lang='lat' dir='ltr'>exaratus‚</span> <span class='ocrx_word' id='word_1_159' title='bbox 550 1849 764 1898; x_wconf 88' lang='lat' dir='ltr'>secunda</span> <span class='ocrx_word' id='word_1_160' title='bbox 793 1864 944 1896; x_wconf 90' lang='lat' dir='ltr'>manu</span> <span class='ocrx_word' id='word_1_161' title='bbox 977 1865 1033 1896; x_wconf 87' lang='lat' dir='ltr'>ex</span> <span class='ocrx_word' id='word_1_162' title='bbox 1065 1849 1221 1896; x_wconf 86' lang='lat' dir='ltr'>altero</span> <span class='ocrx_word' id='word_1_163' title='bbox 1255 1849 1419 1896; x_wconf 89' lang='lat' dir='ltr'>codice</span> <span class='ocrx_word' id='word_1_164' title='bbox 1452 1850 1714 1909; x_wconf 82' lang='lat' dir='ltr'>correctus,</span> <span class='ocrx_word' id='word_1_165' title='bbox 1745 1863 1855 1896; x_wconf 94' lang='lat' dir='ltr'>con·</span> 
     </span>
     <span class='ocr_line' id='line_1_24' title="bbox 171 1919 1858 1986; baseline 0 -17"><span class='ocrx_word' id='word_1_166' title='bbox 171 1924 306 1970; x_wconf 85' lang='lat' dir='ltr'>stans</span> <span class='ocrx_word' id='word_1_167' title='bbox 347 1938 371 1969; x_wconf 90' lang='lat' dir='ltr'>e</span> <span class='ocrx_word' id='word_1_168' title='bbox 415 1923 518 1970; x_wconf 89' lang='grc'>368</span> <span class='ocrx_word' id='word_1_169' title='bbox 559 1923 693 1970; x_wconf 87' lang='lat' dir='ltr'>foliis</span> <span class='ocrx_word' id='word_1_170' title='bbox 731 1924 812 1971; x_wconf 84' lang='lat' dir='ltr'>vel</span> <span class='ocrx_word' id='word_1_171' title='bbox 850 1919 933 1986; x_wconf 84' lang='grc' dir='ltr'>μς’</span> <span class='ocrx_word' id='word_1_172' title='bbox 972 1922 1392 1985; x_wconf 85' lang='lat' dir='ltr'>quaternionibus,</span> <span class='ocrx_word' id='word_1_173' title='bbox 1425 1938 1635 1985; x_wconf 87' lang='lat' dir='ltr'>quorum</span> <span class='ocrx_word' id='word_1_174' title='bbox 1664 1922 1858 1970; x_wconf 89' lang='lat' dir='ltr'>numeri</span> 
     </span>
     <span class='ocr_line' id='line_1_25' title="bbox 169 1996 1858 2061; baseline 0 -19"><span class='ocrx_word' id='word_1_175' title='bbox 169 1996 220 2042; x_wconf 92' lang='lat' dir='ltr'>in</span> <span class='ocrx_word' id='word_1_176' title='bbox 258 1998 400 2057; x_wconf 85' lang='lat' dir='ltr'>parte</span> <span class='ocrx_word' id='word_1_177' title='bbox 440 1996 641 2044; x_wconf 89' lang='lat' dir='ltr'>sinistra</span> <span class='ocrx_word' id='word_1_178' title='bbox 678 1998 917 2061; x_wconf 85' lang='lat' dir='ltr'>marginis</span> <span class='ocrx_word' id='word_1_179' title='bbox 963 1997 1210 2045; x_wconf 87' lang='lat' dir='ltr'>inferioris</span> <span class='ocrx_word' id='word_1_180' title='bbox 1256 1996 1421 2044; x_wconf 85' lang='lat' dir='ltr'>ultimi</span> <span class='ocrx_word' id='word_1_181' title='bbox 1468 1997 1702 2058; x_wconf 88' lang='lat' dir='ltr'>cuiusque</span> <span class='ocrx_word' id='word_1_182' title='bbox 1747 1996 1858 2043; x_wconf 87' lang='lat' dir='ltr'>folii</span> 
     </span>
     <span class='ocr_line' id='line_1_26' title="bbox 169 2063 1858 2137; baseline 0.001 -20"><span class='ocrx_word' id='word_1_183' title='bbox 169 2069 320 2131; x_wconf 90' lang='lat' dir='ltr'>positi</span> <span class='ocrx_word' id='word_1_184' title='bbox 375 2073 512 2131; x_wconf 89' lang='lat' dir='ltr'>sunt,</span> <span class='ocrx_word' id='word_1_185' title='bbox 567 2072 786 2119; x_wconf 87' lang='lat' dir='ltr'>continet</span> <span class='ocrx_word' id='word_1_186' title='bbox 833 2073 948 2133; x_wconf 91' lang='lat' dir='ltr'>post</span> <span class='ocrx_word' id='word_1_187' title='bbox 996 2070 1180 2118; x_wconf 81' lang='grc' dir='ltr'><em>πίνακα</em></span> <span class='ocrx_word' id='word_1_188' title='bbox 1230 2063 1338 2137; x_wconf 88' lang='lat' dir='ltr'>(fol.</span> <span class='ocrx_word' id='word_1_189' title='bbox 1382 2063 1548 2136; x_wconf 82' lang='lat'>1—2)</span> <span class='ocrx_word' id='word_1_190' title='bbox 1601 2073 1651 2118; x_wconf 90' lang='lat' dir='ltr'>et</span> <span class='ocrx_word' id='word_1_191' title='bbox 1699 2071 1858 2118; x_wconf 87' lang='lat' dir='ltr'>vitam</span> 
     </span>
     <span class='ocr_line' id='line_1_27' title="bbox 171 2138 1855 2210; baseline 0.001 -20"><span class='ocrx_word' id='word_1_192' title='bbox 171 2143 388 2205; x_wconf 84' lang='lat' dir='ltr'>Eunapii</span> <span class='ocrx_word' id='word_1_193' title='bbox 421 2138 561 2210; x_wconf 87' lang='grc' dir='ltr'><em>(Βίος</em></span> <span class='ocrx_word' id='word_1_194' title='bbox 593 2144 862 2208; x_wconf 87' lang='grc' dir='ltr'><em>Λιβανίου·</em></span> <span class='ocrx_word' id='word_1_195' title='bbox 902 2143 1167 2193; x_wconf 78' lang='grc' dir='ltr'><em>Εὐναπίου</em></span> <span class='ocrx_word' id='word_1_196' title='bbox 1206 2142 1259 2192; x_wconf 81' lang='grc' dir='ltr'>ἐκ</span> <span class='ocrx_word' id='word_1_197' title='bbox 1290 2150 1376 2193; x_wconf 85' lang='grc' dir='ltr'>τοῦ</span> <span class='ocrx_word' id='word_1_198' title='bbox 1408 2143 1602 2208; x_wconf 83' lang='grc' dir='ltr'><em>βιβλίου</em></span> <span class='ocrx_word' id='word_1_199' title='bbox 1633 2149 1721 2192; x_wconf 83' lang='grc' dir='ltr'>τοῦ</span> <span class='ocrx_word' id='word_1_200' title='bbox 1752 2141 1855 2192; x_wconf 80' lang='grc' dir='ltr'><em>ἐπι-</em></span> 
     </span>
     <span class='ocr_line' id='line_1_28' title="bbox 169 2212 1856 2285; baseline -0.001 -20"><span class='ocrx_word' id='word_1_201' title='bbox 169 2215 504 2283; x_wconf 78' lang='grc' dir='ltr'><em>γεγραμμένου</em></span> <span class='ocrx_word' id='word_1_202' title='bbox 536 2218 636 2281; x_wconf 90' lang='grc' dir='ltr'><em>βίοι</em></span> <span class='ocrx_word' id='word_1_203' title='bbox 669 2212 939 2285; x_wconf 85' lang='grc' dir='ltr'><em>σοφιστῶν)</em></span> <span class='ocrx_word' id='word_1_204' title='bbox 973 2212 1082 2285; x_wconf 85' lang='lat' dir='ltr'>(fol.</span> <span class='ocrx_word' id='word_1_205' title='bbox 1110 2212 1294 2282; x_wconf 81' lang='lat'>3—4),</span> <span class='ocrx_word' id='word_1_206' title='bbox 1327 2233 1452 2280; x_wconf 89' lang='lat' dir='ltr'>quae</span> <span class='ocrx_word' id='word_1_207' title='bbox 1484 2234 1635 2265; x_wconf 91' lang='lat' dir='ltr'>manu</span> <span class='ocrx_word' id='word_1_208' title='bbox 1673 2218 1856 2266; x_wconf 85' lang='lat' dir='ltr'>saeculi</span> 
     </span>
     <span class='ocr_line' id='line_1_29' title="bbox 171 2291 1751 2354; baseline 0.001 -16"><span class='ocrx_word' id='word_1_209' title='bbox 171 2291 263 2338; x_wconf 92' lang='lat' dir='ltr'>XV</span> <span class='ocrx_word' id='word_1_210' title='bbox 302 2291 486 2354; x_wconf 86' lang='lat' dir='ltr'>scripta</span> <span class='ocrx_word' id='word_1_211' title='bbox 523 2295 696 2353; x_wconf 86' lang='lat' dir='ltr'>postea</span> <span class='ocrx_word' id='word_1_212' title='bbox 735 2293 892 2341; x_wconf 86' lang='lat' dir='ltr'>codici</span> <span class='ocrx_word' id='word_1_213' title='bbox 930 2292 1146 2354; x_wconf 86' lang='lat' dir='ltr'>praefixa</span> <span class='ocrx_word' id='word_1_214' title='bbox 1186 2295 1314 2352; x_wconf 86' lang='lat' dir='ltr'>sunt,</span> <span class='ocrx_word' id='word_1_215' title='bbox 1353 2292 1441 2340; x_wconf 88' lang='lat' dir='ltr'>has</span> <span class='ocrx_word' id='word_1_216' title='bbox 1482 2294 1751 2340; x_wconf 90' lang='lat' dir='ltr'>orationes:</span> 
     </span>
    </p>
   </div>
   <div class='ocr_carea' id='block_1_3' title="bbox 171 2359 1857 2487">
    <p class='ocr_par' dir='ltr' id='par_1_11' title="bbox 171 2359 1857 2487">
     <span class='ocr_line' id='line_1_30' title="bbox 281 2359 1857 2432; baseline 0.001 -20"><span class='ocrx_word' id='word_1_217' title='bbox 281 2365 365 2413; x_wconf 84' lang='lat' dir='ltr'>fol.</span> <span class='ocrx_word' id='word_1_218' title='bbox 400 2359 485 2432; x_wconf 76' lang='lat'>6²)</span> <span class='ocrx_word' id='word_1_219' title='bbox 527 2365 751 2430; x_wconf 83' lang='grc' dir='ltr'><em>λιβανίου</em></span> <span class='ocrx_word' id='word_1_220' title='bbox 791 2372 1028 2429; x_wconf 84' lang='grc' dir='ltr'><em>σοφιστοῦ</em></span> <span class='ocrx_word' id='word_1_221' title='bbox 1067 2364 1210 2431; x_wconf 85' lang='grc' dir='ltr'><em>λόγος</em></span> <span class='ocrx_word' id='word_1_222' title='bbox 1248 2364 1370 2431; x_wconf 81' lang='grc' dir='ltr'><em>πρὸς</em></span> <span class='ocrx_word' id='word_1_223' title='bbox 1407 2364 1736 2414; x_wconf 81' lang='grc' dir='ltr'><em>κωνστάντιον</em></span> <span class='ocrx_word' id='word_1_224' title='bbox 1775 2363 1857 2413; x_wconf 85' lang='grc' dir='ltr'>καὶ</span> 
     </span>
     <span class='ocr_line' id='line_1_31' title="bbox 171 2438 451 2487; baseline 0.004 -2"><span class='ocrx_word' id='word_1_225' title='bbox 171 2438 451 2487; x_wconf 83' lang='grc' dir='ltr'><em>κώνσταντα</em></span> 
     </span>
    </p>
   </div>
   <div class='ocr_carea' id='block_1_4' title="bbox 291 2562 525 2566">
    <p class='ocr_par' dir='ltr' id='par_1_12' title="bbox 291 2562 525 2566">
     <span class='ocr_line' id='line_1_32' title="bbox 291 2562 525 2566; baseline 0 0"><span class='ocrx_word' id='word_1_226' title='bbox 291 2562 525 2566; x_wconf 95' lang='lat' dir='ltr'> </span> 
     </span>
    </p>
   </div>
   <div class='ocr_carea' id='block_1_5' title="bbox 172 2637 1858 2988">
    <p class='ocr_par' dir='ltr' id='par_1_13' title="bbox 172 2637 1858 2934">
     <span class='ocr_line' id='line_1_33' title="bbox 323 2637 1858 2696; baseline 0.001 -16"><span class='ocrx_word' id='word_1_227' title='bbox 323 2640 364 2695; x_wconf 98' lang='grc'>1)</span> <span class='ocrx_word' id='word_1_228' title='bbox 396 2637 462 2681; x_wconf 87' lang='lat' dir='ltr'>Cf.</span> <span class='ocrx_word' id='word_1_229' title='bbox 495 2638 815 2683; x_wconf 87' lang='lat' dir='ltr'>Berardellum</span> <span class='ocrx_word' id='word_1_230' title='bbox 854 2639 903 2682; x_wconf 85' lang='lat' dir='ltr'>in</span> <span class='ocrx_word' id='word_1_231' title='bbox 933 2639 1097 2683; x_wconf 84' lang='lat' dir='ltr'>Nuova</span> <span class='ocrx_word' id='word_1_232' title='bbox 1127 2640 1353 2684; x_wconf 87' lang='lat' dir='ltr'>Raccolta</span> <span class='ocrx_word' id='word_1_233' title='bbox 1393 2639 1435 2683; x_wconf 84' lang='lat' dir='ltr'>d’</span> <span class='ocrx_word' id='word_1_234' title='bbox 1462 2638 1672 2696; x_wconf 86' lang='lat' dir='ltr'>opuscoli</span> <span class='ocrx_word' id='word_1_235' title='bbox 1710 2638 1858 2682; x_wconf 83' lang='lat' dir='ltr'>scien-</span> 
     </span>
     <span class='ocr_line' id='line_1_34' title="bbox 172 2695 1852 2756; baseline 0.002 -19"><span class='ocrx_word' id='word_1_236' title='bbox 172 2695 288 2739; x_wconf 87' lang='lat' dir='ltr'>tifici</span> <span class='ocrx_word' id='word_1_237' title='bbox 320 2709 344 2739; x_wconf 91' lang='lat' dir='ltr'>e</span> <span class='ocrx_word' id='word_1_238' title='bbox 375 2696 598 2754; x_wconf 88' lang='lat' dir='ltr'>filologici</span> <span class='ocrx_word' id='word_1_239' title='bbox 636 2700 668 2741; x_wconf 88' lang='lat' dir='ltr'>t.</span> <span class='ocrx_word' id='word_1_240' title='bbox 702 2698 784 2741; x_wconf 92' lang='lat' dir='ltr'>XX</span> <span class='ocrx_word' id='word_1_241' title='bbox 825 2698 1043 2754; x_wconf 86' lang='lat' dir='ltr'>(Venezia</span> <span class='ocrx_word' id='word_1_242' title='bbox 1077 2701 1206 2755; x_wconf 88' lang='grc'>1770)</span> <span class='ocrx_word' id='word_1_243' title='bbox 1246 2715 1290 2756; x_wconf 92' lang='lat' dir='ltr'>p.</span> <span class='ocrx_word' id='word_1_244' title='bbox 1319 2704 1401 2743; x_wconf 83' lang='lat'>163</span> <span class='ocrx_word' id='word_1_245' title='bbox 1443 2701 1491 2743; x_wconf 86' lang='lat' dir='ltr'>et</span> <span class='ocrx_word' id='word_1_246' title='bbox 1527 2714 1571 2755; x_wconf 90' lang='lat' dir='ltr'>p.</span> <span class='ocrx_word' id='word_1_247' title='bbox 1606 2701 1852 2742; x_wconf 81' lang='lat'>205—209.</span> 
     </span>
     <span class='ocr_line' id='line_1_35' title="bbox 172 2754 1853 2811; baseline 0.002 -15"><span class='ocrx_word' id='word_1_248' title='bbox 172 2754 424 2810; x_wconf 66' lang='lat' dir='ltr'>Foscafini,</span> <span class='ocrx_word' id='word_1_249' title='bbox 448 2756 632 2800; x_wconf 86' lang='lat' dir='ltr'>Archiv.</span> <span class='ocrx_word' id='word_1_250' title='bbox 659 2757 777 2802; x_wconf 87' lang='lat' dir='ltr'>Stor.</span> <span class='ocrx_word' id='word_1_251' title='bbox 801 2758 904 2801; x_wconf 86' lang='lat' dir='ltr'>Ital.</span> <span class='ocrx_word' id='word_1_252' title='bbox 924 2757 965 2800; x_wconf 80' lang='lat' dir='ltr'>V</span> <span class='ocrx_word' id='word_1_253' title='bbox 983 2762 1080 2801; x_wconf 83' lang='lat'>275.</span> <span class='ocrx_word' id='word_1_254' title='bbox 1137 2757 1454 2811; x_wconf 88' lang='lat' dir='ltr'>Valentinelli,</span> <span class='ocrx_word' id='word_1_255' title='bbox 1479 2757 1599 2801; x_wconf 93' lang='lat' dir='ltr'>Bibl.</span> <span class='ocrx_word' id='word_1_256' title='bbox 1625 2757 1853 2801; x_wconf 82' lang='lat' dir='ltr'>Manuscr.</span> 
     </span>
     <span class='ocr_line' id='line_1_36' title="bbox 175 2812 1854 2873; baseline 0.002 -17"><span class='ocrx_word' id='word_1_257' title='bbox 175 2812 234 2856; x_wconf 88' lang='lat' dir='ltr'>ad</span> <span class='ocrx_word' id='word_1_258' title='bbox 259 2812 301 2857; x_wconf 89' lang='lat' dir='ltr'>S.</span> <span class='ocrx_word' id='word_1_259' title='bbox 327 2813 474 2858; x_wconf 84' lang='lat' dir='ltr'>Marci</span> <span class='ocrx_word' id='word_1_260' title='bbox 498 2815 659 2860; x_wconf 87' lang='lat' dir='ltr'>Venet.</span> <span class='ocrx_word' id='word_1_261' title='bbox 688 2831 732 2873; x_wconf 89' lang='lat' dir='ltr'>p.</span> <span class='ocrx_word' id='word_1_262' title='bbox 761 2821 814 2860; x_wconf 88' lang='lat'>36</span> <span class='ocrx_word' id='word_1_263' title='bbox 841 2818 888 2860; x_wconf 90' lang='lat' dir='ltr'>et</span> <span class='ocrx_word' id='word_1_264' title='bbox 913 2820 981 2859; x_wconf 87' lang='grc'>98.</span> <span class='ocrx_word' id='word_1_265' title='bbox 1038 2816 1286 2870; x_wconf 82' lang='lat' dir='ltr'>Tomasini‚</span> <span class='ocrx_word' id='word_1_266' title='bbox 1320 2816 1541 2861; x_wconf 86' lang='lat' dir='ltr'>Biblioth.</span> <span class='ocrx_word' id='word_1_267' title='bbox 1567 2817 1730 2860; x_wconf 87' lang='lat' dir='ltr'>Venet.</span> <span class='ocrx_word' id='word_1_268' title='bbox 1757 2815 1854 2859; x_wconf 88' lang='lat' dir='ltr'>Ma-</span> 
     </span>
     <span class='ocr_line' id='line_1_37' title="bbox 172 2872 1509 2934; baseline 0.004 -20"><span class='ocrx_word' id='word_1_269' title='bbox 172 2885 338 2927; x_wconf 86' lang='lat' dir='ltr'>nuscr.‚</span> <span class='ocrx_word' id='word_1_270' title='bbox 370 2872 502 2917; x_wconf 88' lang='lat' dir='ltr'>Utini</span> <span class='ocrx_word' id='word_1_271' title='bbox 534 2879 648 2918; x_wconf 87' lang='grc'>1650</span> <span class='ocrx_word' id='word_1_272' title='bbox 679 2890 723 2932; x_wconf 88' lang='lat' dir='ltr'>p.</span> <span class='ocrx_word' id='word_1_273' title='bbox 751 2880 826 2919; x_wconf 86' lang='lat'>20:</span> <span class='ocrx_word' id='word_1_274' title='bbox 860 2876 1056 2920; x_wconf 76' lang='lat' dir='ltr'>Libanii</span> <span class='ocrx_word' id='word_1_275' title='bbox 1086 2877 1509 2934; x_wconf 75' lang='lat' dir='ltr'>Proyymnasmata.</span> 
     </span>
    </p>

    <p class='ocr_par' dir='ltr' id='par_1_14' title="bbox 292 2931 1194 2988">
     <span class='ocr_line' id='line_1_38' title="bbox 292 2931 1194 2988; baseline 0.006 -14"><span class='ocrx_word' id='word_1_276' title='bbox 292 2933 336 2988; x_wconf 83' lang='grc'>2)</span> <span class='ocrx_word' id='word_1_277' title='bbox 366 2931 549 2975; x_wconf 87' lang='lat' dir='ltr'>Folium</span> <span class='ocrx_word' id='word_1_278' title='bbox 581 2938 607 2976; x_wconf 84' lang='lat'>5</span> <span class='ocrx_word' id='word_1_279' title='bbox 638 2947 835 2977; x_wconf 87' lang='lat' dir='ltr'>vacuum</span> <span class='ocrx_word' id='word_1_280' title='bbox 865 2934 1079 2978; x_wconf 90' lang='lat' dir='ltr'>relictum</span> <span class='ocrx_word' id='word_1_281' title='bbox 1111 2937 1194 2979; x_wconf 85' lang='lat' dir='ltr'>est.</span> 
     </span>
    </p>
   </div>
   <div class='ocr_carea' id='block_1_6' title="bbox 1887 1337 1942 1376">
    <p class='ocr_par' dir='ltr' id='par_1_15' title="bbox 1887 1337 1942 1376">
     <span class='ocr_line' id='line_1_39' title="bbox 1887 1337 1942 1376; baseline 0 0"><span class='ocrx_word' id='word_1_282' title='bbox 1887 1337 1942 1376; x_wconf 85' lang='lat'>21</span> 
     </span>
    </p>
   </div>
  </div>
 </body>
</html>
