2026 3168
196 108 302 160 292
736 107 963 151 LIBANTI
995 106 1337 151 ORATIONES

106 251 254 300 R213
312 243 394 296 15.
442 245 614 312 Κώμη
653 262 735 306 τις
774 242 972 311 ἤνεγκέ
1007 257 1094 296 σοι
1133 243 1233 297 τὸν
1269 242 1497 314 πατέρα,
1541 245 1740 313 φυγὼν
1773 249 1780 312 l
1816 245 1877 299 δὲ

195 332 403 396 ἐκεῖνος
440 334 663 394 πόνους
686 334 816 394 τοὺς
854 338 928 403 τῷ
961 339 1185 404 γεωργῷ
1211 334 1589 400 προσήκοντας
1618 335 1709 386 καὶ
1740 335 1876 387 κατὰ

193 429 357 475 τοῦτο
398 424 499 489 τήν
536 440 593 473 τε
640 428 746 488 γῆν
785 419 1047 488 ἀδικήσας
1094 413 1176 483 οἷς
1213 440 1271 473 τε
1313 430 1425 473 τῶν
1462 432 1688 491 καρπῶν
1726 422 1876 491 μέλει

194 516 350 572 θεοῖς
395 510 653 579 θυρωρὸς
707 511 972 578 ἄρχοντος
1025 510 1280 570 κιναίδου
1328 512 1655 563 καθίσταται
1701 510 1793 564 καὶ
1841 504 1884 566 ὦ

129 599 462 653 5κιναίδων
511 596 647 666 ἔδει,
698 597 789 650 καὶ
838 599 899 650 τὸ
949 599 1015 650 τα
1064 605 1292 651 τοιαῦτα
1339 605 1539 651 τοῦτον
1583 598 1878 668 ὑπηρετεῖν

196 689 474 740 δύνασθαι
525 688 730 740 δοῦλον
770 688 916 760 αὐτῷ
960 687 1058 740 τὸν
1097 688 1336 756 ἄρχοντα
1381 697 1551 756 ποιεῖ,
1601 695 1765 740 τοῦτο
1818 688 1879 741 δὲ

194 777 372 848 τούτῳ
420 778 665 846 χρυσίον.
746 776 830 828 16.
877 778 1173 845 γενόμενος
1227 773 1289 828 δὲ
1341 775 1660 846 Εὐτροπίου
1713 778 1878 830 τοῦδε

196 867 398 934 πατήρ,
446 864 576 918 δεόν
615 866 713 918 τὸν
751 866 880 918 υἱὸν
920 864 1226 918 ἀποδοῦναι
1276 864 1496 936 δικέλλῃ
1542 864 1634 918 καὶ
1677 867 1879 936 σμινύῃ

197 954 288 1010 καὶ
327 952 492 1020 βουσὶ
523 954 614 1006 καὶ
655 953 887 1026 ἀρότρῳ,
925 953 1016 1006 καὶ
1057 954 1151 1006 διὰ
1188 955 1353 1007 τοῦδε
1391 955 1492 1023 τὴν
1522 962 1630 1022 γῆν
1668 954 1881 1007 ἀδικεῖν

131 1064 174 1096 ιο
196 1041 353 1110 ἠξίου
415 1041 674 1110 μεταθεὶς
728 1042 898 1095 αὐτὸν
955 1041 1042 1095 ἐπὶ
1096 1051 1329 1109 μουσεῖα
1381 1041 1472 1095 καὶ
1528 1044 1730 1111 λόγους
1779 1042 1881 1096 οὐκ

198 1132 366 1200 οὔσης
403 1141 520 1194 τοῖς
560 1132 912 1194 διδασκάλοις
951 1130 1204 1194 ἐξουσίας
1234 1125 1321 1193 ὀἷς
1351 1133 1645 1199 βούλοιντο
1678 1134 1882 1184 κλείειν

197 1221 291 1283 τὰς
327 1221 523 1290 θύρας.
590 1222 672 1273 17.
712 1221 801 1273 καὶ
839 1221 1007 1273 πάλιν
1038 1221 1201 1283 αὐτὸς
1238 1216 1309 1289 ἦν
1348 1221 1376 1274 ὁ
1417 1222 1611 1290 πατήρ,
1652 1221 1745 1273 διὰ
1781 1220 1883 1287 μὲν

196 1317 307 1362 τῶν
329 1309 613 1380 προτέρων
636 1310 736 1378 τὴν
760 1312 1063 1379 Δήμητραν
1087 1309 1311 1377 ἀδικῶν,
1342 1316 1415 1380 τῷ
1443 1307 1504 1362 δὲ
1527 1318 1638 1362 τῶν
1660 1314 1883 1378 μισθῶν

199 1397 523 1465 ἀποστερεῖν
573 1398 668 1459 τὰς
706 1398 954 1459 Μούσας.
1033 1397 1242 1449 οὔκουν
1291 1395 1407 1465 ἔχοι
1455 1417 1539 1459 τις
1589 1396 1658 1449 ἂν
1708 1399 1883 1450 εἰπεῖν

133 1507 177 1541 215
199 1486 300 1538 τὸν
339 1487 591 1552 λαβόντα.
667 1484 757 1538 καὶ
807 1493 978 1538 ταῦτα
1029 1485 1201 1538 ἐποίει
1250 1488 1542 1555 παρόντων
1592 1485 1883 1556 χρημάτων

201 1574 306 1628 ἀπὸ
338 1582 432 1643 τῆς
472 1575 755 1637 διακονίας
787 1570 866 1628 ὧν
897 1573 1056 1644 ἔφην,
1096 1582 1191 1642 τῆς
1221 1571 1323 1643 μὲν
1353 1584 1464 1627 τῶν
1496 1574 1597 1627 οὐκ
1630 1575 1883 1644 εἰσπρατ-

134 1678 140 1683 “
197 1666 409 1719 τόντων
442 1663 735 1716 ἀπολαύων
768 1662 1072 1731 ἐπιεικείας,
1104 1671 1200 1731 τῆς
1231 1663 1293 1716 δὲ
1323 1672 1436 1716 τῶν
1468 1664 1623 1716 δεινὰ
1655 1663 1884 1732 πάσχειν

200 1754 476 1820 λεγόντων
505 1762 874 1822 καταφρονῶν
906 1753 1085 1822 ὀργῆς.
1150 1753 1233 1805 18.
1266 1753 1344 1805 ὢν
1377 1749 1438 1805 δὲ
1470 1748 1630 1814 οὗτος
1662 1752 1690 1805 ὁ
1723 1753 1885 1814 λίθος

111 1853 153 1896 R
175 1858 259 1909 214
290 1829 539 1910 μεγάλης
564 1846 737 1904 αἴτιος
771 1844 777 1906 Ι
812 1849 925 1904 τοῖς
973 1841 1297 1894 διδάσκουσι
1339 1842 1706 1910 ταλαιπωρίας
1745 1842 1886 1910 ἔχων

137 1952 181 1984 20
205 1930 369 1992 αὐτὸς
408 1930 575 1982 οὐδὲν
614 1931 800 1998 ἄγεται
838 1930 940 1999 μὲν
979 1929 1066 1983 ἐπὶ
1109 1931 1210 1998 τὴν
1247 1939 1358 1982 τῶν
1396 1932 1582 1998 νόμων
1621 1929 1884 1998 μάθησιν,

203 2017 231 2070 ὃ
271 2027 382 2070 τῶν
419 2019 520 2092 τὴν
560 2018 815 2071 διάνοιαν
853 2018 1209 2088 βραδυτέρων
1249 2018 1411 2072 ἐστίν.
1475 2018 1554 2071 ὢν
1595 2019 1656 2071 δὲ
1694 2016 1784 2070 καὶ
1825 2016 1885 2070 ἐν

202 2103 431 2168 ’ἐκείνοις
470 2093 631 2170 λίθος
682 2106 957 2176 διφθέρας
1002 2107 1103 2176 μὲν
1141 2110 1367 2176 παχείας
1404 2126 1462 2159 τε
1500 2107 1590 2159 καὶ
1629 2107 1885 2168 πλατείας

202 2195 268 2247 τὰ
306 2196 511 2262 γόνατα
549 2197 903 2266 βαρυνούσας
942 2194 1155 2266 ἔφερεν,
1195 2196 1299 2264 ἤδη
1341 2196 1402 2248 δὲ
1439 2203 1537 2248 τοῦ
1577 2204 1687 2248 τῶν
1719 2210 1885 2263 συνη-

240 2450 243 2454 .
323 2419 345 2457 1
393 2412 463 2465 τίς
512 2415 711 2460 GAPIB
863 2421 888 2458 2
937 2415 1033 2459 ἐκεῖ
1075 2417 1111 2459 Ι
1253 2420 1278 2458 5
1327 2432 1343 2459 ι
1388 2414 1517 2471 prius
1563 2414 1612 2456 in
1659 2410 1884 2457 κιναίδων

205 2502 254 2545 in
299 2516 375 2546 ras
416 2502 503 2547 M²
552 2504 557 2562 Ι
607 2503 688 2547 τὸ
703 2503 869 2560 scripsi
911 2517 936 2547 e
983 2504 1108 2548 VMo
1198 2519 1280 2546 τωι
1315 2503 1351 2547 Ο
1441 2510 1502 2546 τῶ
1535 2504 1580 2546 Ρ
1633 2502 1714 2545 sed
1754 2501 1778 2545 ὸ
1816 2501 1887 2544 m³

206 2575 445 2618 suprapos.
516 2566 584 2636 τῷ
614 2562 804 2645 reliqui2
822 2562 931 2606 libri
962 2563 1053 2606 edd
1096 2563 1101 2620 Ι
1143 2565 1199 2606 τὰ
1235 2576 1310 2606 om
1344 2563 1387 2605 V
1529 2566 1554 2604 6
1588 2561 1712 2620 αὐτῷ
1737 2559 1828 2604 edd

207 2620 350 2665 αὐτὸν
395 2628 458 2664 τῶ
505 2620 693 2678 ἄρχοντι
734 2620 804 2664 m²
847 2635 988 2677 supra.
1035 2622 1157 2665 αὐτῶ
1199 2621 1282 2665 τὸν
1329 2620 1608 2695 ἄρχονταηΡ
1694 2626 1756 2663 τῶ
1804 2618 1886 2674 ἄρ-

207 2695 337 2738 χοντι
369 2679 413 2723 U
500 2684 523 2722 7
548 2687 629 2724 τοῦ
655 2680 705 2724 δὲ
732 2682 816 2724 Mo
908 2685 934 2724 8
959 2682 1221 2724 ἀποδοῦναι
1245 2680 1325 2724 τὸν
1349 2678 1454 2723 υἱὸν
1478 2679 1545 2722 Re
1572 2679 1578 2737 Ι
1608 2678 1803 2737 σμινύνῃ
1830 2680 1892 2723 Μ

266 2742 291 2781 9
323 2752 398 2782 υσι
428 2738 478 2782 in
510 2739 643 2796 βουσὶ
673 2739 720 2781 in
753 2752 828 2782 ras
853 2739 918 2783 12³
1017 2743 1070 2783 10
1104 2739 1179 2784 ἐπὶ
1210 2738 1267 2782 τὰ
1299 2745 1490 2795 μουσεῖα
1517 2739 1601 2782 Mo
1694 2742 1747 2781 11
1780 2751 1890 2780 acu-

206 2798 281 2840 bus
312 2811 453 2853 supra.
485 2814 515 2839 α
547 2799 594 2840 et
625 2814 695 2848 οις
726 2798 775 2840 in
807 2798 1104 2848 διδασκάλοις
1133 2799 1183 2841 in
1213 2811 1288 2840 ras
1322 2797 1385 2841 Ρ8
1518 2801 1572 2839 13
1604 2813 1630 2839 ν
1663 2796 1713 2839 in
1745 2795 1888 2852 δήμη·

205 2871 321 2912 τραν
351 2856 400 2899 in
430 2857 523 2900 ΑΡ
552 2870 734 2900 erasum
809 2856 1030 2914 Δήμητρα
1055 2857 1122 2900 Re
1259 2860 1313 2900 14
1346 2856 1437 2914 ἔχει
1465 2855 1622 2899 ΟΑΡΙ
1643 2858 1648 2912 Ι
1676 2853 1745 2905 τίς
1778 2855 1888 2899 CAI

266 2919 319 2958 19
355 2914 750 2966 διδασκάλοιςΒΘ
902 2921 955 2960 23
987 2916 1039 2972 δὲ
1073 2929 1147 2959 om
1174 2915 1257 2959 Mo
1554 2953 1557 2956 ⁴
1608 2948 1628 2957 ,-
1759 2957 1763 2959 ,
