2026 3168
639 139 867 183 LIBANH
896 137 1240 184 ORATIONES
1679 137 1745 189 17
1754 138 1780 188 1

99 278 297 346 ὄντων,
337 276 474 329 ὥστε
513 272 655 328 εἶναι
694 276 756 328 τὸ
797 276 1026 328 δεῖπνον
1064 272 1253 346 ἐκείνῳ
1286 282 1487 342 φακῆν,
1518 280 1682 326 τοῦτο
1722 270 1783 325 δὲ

103 364 225 419 ἀντὶ
271 373 366 432 τῆς
414 364 474 418 έν
520 364 668 436 ἀγρῷ
708 371 804 432 τῆς
849 364 1111 432 γυναικὸς
1156 367 1426 430 τελευτῆς,
1471 356 1506 433 ᾖ
1551 363 1647 429 μία
1684 358 1785 429 μὲν

102 453 222 522 νύξ,
267 455 362 520 μία
409 450 470 506 δὲ
517 453 822 522 ἀπέχρησεν
866 451 1052 521 ἡμέρα.
1127 451 1248 520 ᾔδει
1287 450 1377 504 καὶ
1415 453 1481 503 τὰ
1523 451 1645 521 περὶ
1684 451 1784 518 τὴν

98 550 197 596 τοῦ
237 550 438 610 νεκροῦ
476 542 723 611 κεφαλὴν
761 542 794 610 ἡ
842 541 1005 610 Τύχη,
1054 541 1125 608 ἣν
1165 539 1479 602 ἀπεκάλυψέ
1514 559 1571 592 τε
1611 541 1784 606 Σαβῖ-

99 651 196 693 νος
225 629 315 683 καὶ
347 628 481 696 ἐμὸν
510 628 677 699 ἔργον
709 626 883 682 οὖσαν
914 628 1163 699 ἐπειρᾶτο
1197 629 1492 696 δεικνύειν,
1525 626 1782 698 ἐπιστολῇ
1830 648 1850 680 5

97 721 292 783 ψευδεῖ
328 727 490 772 τοῦτο
530 719 929 788 μηχανώμενος.
990 718 1081 770 καὶ
1114 716 1243 789 ᾤετο
1276 716 1377 784 μέν
1407 737 1474 784 με
1511 715 1784 786 πτήξαντα

98 811 370 878 χωρήσειν
401 809 478 870 εἰς
510 808 768 875 σπονδάς,
808 806 1217 874 συμπλακέντος
1248 803 1310 860 δὲ
1340 807 1484 873 μάλα
1519 807 1784 873 γενναίως

95 893 199 960 ἔξω
238 916 296 950 τε
335 891 406 964 ἧν
444 896 614 949 αὑτοῦ
653 896 744 948 καὶ
785 895 1003 949 ἱκέτευε.

212 985 330 1038 195.
386 985 497 1037 Καὶ
542 985 743 1037 τούτου
790 980 895 1037 οὖν
943 983 1127 1037 ἰστέον
1173 992 1238 1053 τῇ
1294 985 1438 1053 Τύχῃ
1486 983 1648 1052 χάριν
1689 983 1783 1035 ’καὶ
1830 1004 1850 1036 9

100 1075 206 1145 πρὸ
243 1074 446 1127 τούτου
484 1093 546 1140 γε
579 1073 822 1126 ἐκείνου·
862 1073 952 1125 καὶ
984 1073 1088 1141 γὰρ
1124 1068 1193 1125 αὖ
1230 1077 1235 1137 Ι
1270 1072 1375 1142 πρὸ
1408 1073 1574 1125 τοῦδε
1606 1071 1691 1139 γέ-
1723 1085 1872 1129 R125

99 1182 279 1230 γονεν.
356 1161 385 1215 ὁ
432 1164 600 1229 νόμος
646 1160 896 1228 ἐπολέμει
940 1167 1014 1233 τῷ
1060 1162 1214 1232 νόθῳ
1260 1166 1627 1231 κληρονομεῖν
1681 1162 1783 1215 οὐκ

100 1251 230 1320 ἐῶν,
293 1251 505 1305 ἀνελὼν
565 1252 801 1303 παλαιὸν
862 1252 1036 1318 νόμον
1097 1256 1365 1303 ποιοῦντα
1425 1251 1783 1318 κληρονόμον.

100 1341 281 1409 φίλων
319 1337 420 1407 μὲν
458 1335 563 1393 οὖν
599 1335 671 1407 ἦν
710 1339 961 1408 ἀφθονία
998 1359 1093 1405 μοι
1132 1340 1379 1406 δικαίων,
1419 1340 1473 1391 οἳ
1510 1339 1713 1391 δώσειν
1751 1338 1784 1391 ἃ

99 1429 323 1497 λάβοιεν
360 1425 616 1495 ἔμελλον,
663 1429 794 1490 τοὺς
841 1424 901 1480 δὲ
947 1437 1065 1490 τοῖς
1103 1423 1210 1480 ὦδε
1250 1426 1552 1496 δρωμένοις
1590 1425 1784 1496 ἐπιθη-

98 1516 365 1585 σομένους
409 1512 480 1585 ἦν
526 1517 593 1569 οὐ
641 1514 839 1586 ῥᾴδιον
894 1517 1192 1585 διαφυγεῖν
1245 1515 1630 1585 γραφομένους
1681 1518 1783 1586 τὴν
1808 1538 1849 1571 15

97 1605 232 1659 ὁδὸν
269 1613 365 1674 τῆς
403 1608 657 1674 κτήσεως,
697 1605 770 1667 ὡς
801 1604 985 1658 ἀδικοῖ
1022 1605 1122 1658 τὸν
1160 1607 1349 1671 νόμον.
1415 1605 1533 1657 196.
1574 1612 1788 1678 χρηστῷ

217 1770 239 1808 7
274 1766 380 1810 Eur.
412 1765 583 1810 Phoen.
610 1769 696 1809 443
821 1770 872 1808 12
904 1781 948 1822 p.
978 1770 1074 1818 162,
1104 1770 1157 1808 16
1183 1779 1248 1821 sq.

218 1917 271 1956 16
304 1913 397 1957 ἀπὸ
428 1920 511 1957 τοῦ
544 1913 803 1970 ἀδικοῖμι
825 1913 1010 1969 πρώτου
1034 1913 1284 1968 προσώπου
1308 1910 1463 1968 τρίτον
1485 1912 1538 1956 τὸ
1563 1913 1779 1957 ἀδικοῖ·

96 1975 160 2016 τῶ
191 1973 450 2029 ἀδικοῖμι
480 1973 644 2030 πρώτῳ
683 1973 914 2031 προσώπῳ
954 1970 1112 2031 ἐκείνῳ
1150 1970 1444 2028 παράλληλον
1481 1969 1666 2015 τίκθεται
1703 1972 1783 2016 καὶ

97 2018 151 2106 τὸΙ
183 2032 213 2075 ἀ
216 2035 259 2135 Id>
263 2029 414 2088 ικοίη
426 2049 465 2075 ν.
513 2029 735 2090 χρηστέον
776 2031 827 2076 δὲ
866 2030 1066 2090 ἑκατέρῳ
1106 2030 1223 2074 κατὰ
1261 2031 1343 2075 τὸν
1381 2037 1462 2087 τῆς
1491 2029 1653 2088 τέχνης
1682 2048 1783 2075 και-

99 2107 181 2147 ρον

218 2242 239 2281 1
274 2238 423 2283 ἐκεῖνο
455 2239 499 2282 L
526 2238 531 2296 Ι
561 2237 718 2294 φακὴν
750 2237 859 2281 libri
891 2237 982 2280 edd
1104 2242 1128 2280 2
1161 2237 1384 2293 γυναικὸς
1418 2252 1494 2282 om
1526 2239 1573 2282 B
1599 2239 1606 2295 Ι
1631 2240 1781 2283 τελευ-

98 2303 179 2353 τῆς
207 2297 281 2341 bis
312 2299 358 2342 B
418 2298 629 2353 τελευτὴν
654 2298 697 2341 L
725 2297 731 2355 Ι
760 2295 786 2352 ἣ
821 2298 866 2341 Β
958 2302 983 2339 3
1016 2295 1106 2353 ἤδη
1135 2298 1178 2341 L
1271 2302 1295 2340 6
1328 2298 1399 2355 με]
1427 2313 1476 2354 γε
1501 2298 1545 2342 L
1638 2302 1662 2340 7
1724 2315 1782 2341 ω-

98 2355 253 2411 ρήσειν
295 2357 457 2414 seripsi
488 2354 801 2415 κεχωρηκέναι
833 2356 921 2400 ΡΒ
957 2357 1005 2399 et
1034 2356 1084 2398 in
1115 2370 1248 2413 marg
1275 2356 1323 2399 A
1366 2370 1441 2400 om
1471 2356 1642 2411 reliqui
1672 2355 1709 2399 h
1741 2357 1783 2400 ri

99 2415 191 2458 edd
266 2413 371 2470 „bhv
403 2416 521 2459 ἰδεῖν
553 2420 637 2459 aut
667 2412 727 2459 ἂν
755 2421 1043 2472 καταφυγεῖν
1067 2419 1150 2459 aut
1173 2412 1232 2459 ἂν
1256 2413 1496 2460 κατιέναι“
1520 2416 1588 2459 Re
1604 2415 1746 2459 Anim
1839 2470 1844 2474 Α

100 2474 183 2533 εἰς]
217 2473 359 2518 οἴσειν
390 2474 660 2518 MSchmidt
691 2473 856 2517 Philol.
883 2473 924 2515 X
946 2478 1030 2516 613
1059 2474 1065 2531 Ι
1092 2477 1338 2518 πεσεῖσθαι
1369 2476 1475 2531 post
1507 2473 1714 2525 σπονδὰς
1770 2509 1781 2528 ,

99 2533 225 2588 quod
255 2535 412 2578 fruetur
442 2532 599 2577 Gasda
633 2534 638 2591 Ι
682 2531 1014 2590 συμπλεκέντος
1039 2534 1083 2577 V
1196 2537 1222 2576 8
1263 2533 1346 2586 ἔξω
1378 2533 1462 2589 τὴν
1494 2533 1662 2578 ἑαυτοῦ
1694 2534 1739 2578 L
1772 2533 1778 2593 Ι

101 2591 208 2648 spir.
243 2605 379 2648 asper
408 2593 456 2636 in
490 2593 632 2636 αὑτοῦ
658 2593 707 2635 in
729 2606 805 2636 ras
830 2592 895 2636 Ρ3
998 2595 1052 2634 10
1085 2590 1243 2637 ἐκείνω
1268 2593 1311 2636 V
1405 2597 1456 2635 11
1491 2590 1623 2651 νόθῳ
1655 2593 1722 2636 Re

101 2649 226 2710 νόμῳ
256 2650 366 2695 libri
397 2652 507 2695 Fen·
537 2651 640 2695 Mor
762 2656 813 2694 12
846 2652 1008 2694 ἀθλῶν
1040 2652 1083 2695 L
1125 2651 1131 2708 Ι
1174 2667 1228 2695 ον
1259 2651 1309 2695 in
1339 2649 1626 2707 κληρονόμον
1668 2650 1727 2695 Cf

103 2714 155 2753 13
196 2709 242 2753 οἳ
279 2711 444 2755 δώσειν
477 2709 507 2753 ἃ
539 2710 704 2766 scripsi
735 2710 1002 2754 auctoribus
1033 2703 1281 2766 wyttenb‚
1314 2709 1583 2754 MSchmidt
1613 2709 1780 2754 Philol.

101 2767 142 2810 X
167 2772 266 2823 609,
303 2768 446 2813 Cobet
475 2769 644 2813 Mnem.
676 2769 740 2812 ΠΙ
771 2773 870 2822 253,
902 2768 994 2812 nisi
1025 2769 1151 2824 quod
1180 2769 1258 2813 hic
1289 2769 1551 2814 ἀποδώσειν
1583 2769 1784 2812 coniecit

161 2825 214 2870 οἵ
244 2826 306 2883 (οἱ
336 2829 381 2873 Α
414 2827 468 2872 ὃν
499 2829 627 2885 Fert)
667 2825 712 2871 δ’
742 2828 803 2878 ὡς
842 2826 920 2872 ἵνα
959 2827 1060 2884 (ἕνα
1091 2829 1134 2872 L
1165 2828 1276 2872 Ferr
1313 2828 1363 2871 in
1400 2841 1535 2885 marg
1565 2828 1666 2871 Mor
1696 2828 1782 2885 Re)

100 2885 210 2928 libri
240 2886 331 2929 edd
422 2891 478 2930 14
509 2886 700 2943 spii-ibus
732 2889 779 2930 et
809 2888 1027 2930 accentus
1054 2887 1104 2930 in
1128 2882 1218 2932 ὦδε
1241 2887 1291 2930 in
1314 2900 1389 2930 ras
1415 2886 1485 2930 P*
1579 2891 1632 2929 16
1665 2887 1783 2930 ἀπο-

99 2942 256 2994 τίσεως
286 2946 330 2989 L
357 2945 363 3002 Ι
390 2945 548 2989 ἀδικεῖ
575 2945 667 2989 edd
