2026 3168
681 174 908 218 LIBANII
939 173 1280 218 ORATIONES
1719 174 1824 226 159

144 310 414 380 ἐχαρίζετο
467 311 614 363 πάνυ
668 307 770 379 μὲν
832 309 995 379 ἀνδρὶ
1033 312 1303 380 πλουσίῳ,
1371 310 1573 372 παῖδας
1635 306 1696 362 δὲ
1758 309 1824 362 οὐ

142 397 464 471 κεκτημένῳ.
544 399 663 451 161.
704 397 819 451 ἀλλ’
867 395 1028 461 οὗτός
1064 397 1131 467 γέ
1167 397 1317 450 ἐστιν
1356 397 1385 450 ὁ
1429 400 1627 466 στήσας
1666 417 1733 466 με
1767 397 1826 451 ἐν

142 487 287 559 μέσῳ
326 491 546 541 πολλῶν
584 485 686 557 μὲν
723 488 976 557 ἡνιόχων,
1015 484 1328 553 πολλῶνῗδὲ
1366 488 1704 556 ἱπποκόμων,
1744 479 1827 550 οἷς

142 596 200 629 τε
224 579 388 647 ἔργον
412 575 855 629 ἀναπεταννύναι
878 584 993 639 τοῖς
1016 577 1218 646 ἅρμασι
1242 577 1337 638 τὰς
1362 576 1564 645 θύρας·
1598 571 1676 628 ὧν
1699 578 1828 638 τοὺς

143 662 244 732 μὲν
281 662 452 731 ἔπαιε,
491 667 621 728 τοὺς
660 662 721 718 δὲ
758 666 967 734 ἠπείλει
1007 665 1387 733 κατακαύσειν,
1431 663 1552 727 ἑνὸς
1585 663 1650 717 δέ
1675 684 1826 727 τινος
1873 685 1894 719 5

141 754 370 823 ἡνιόχου
424 753 682 824 γέροντος
734 755 824 807 καὶ
879 755 1132 824 πλευράς,
1187 752 1272 823 ἐφ’
1336 747 1379 826 ᾧ
1435 754 1501 822 δὴ
1549 755 1639 807 καὶ
1690 753 1826 821 μέγα

144 842 371 911 ἐβόησεν
410 843 438 897 ὁ
479 844 630 911 λεώς,
666 843 672 911 Ι
707 843 1046 911 κατέτεμνεν,
1099 841 1217 909 ἐμοὶ
1257 839 1319 896 δὲ
1356 838 1428 911 ἦν
1467 844 1636 905 πόνος
1668 842 1735 895 οὐ
1767 855 1808 897 R
1831 858 1916 898 107

142 933 332 1002 μικρὸς
369 933 440 1001 μὴ
479 933 540 984 τὸ
582 925 712 999 αἷμα
753 933 907 985 ἰδεῖν.
969 931 1060 985 καὶ
1099 939 1270 984 ταῦτα
1309 931 1413 984 ἀπὸ
1454 936 1617 1000 ψιλῆς
1653 933 1828 994 αἰτίας

143 1019 345 1090 ἀνδρὸς
385 1020 554 1073 ἐποίει
594 1020 931 1087 μαινομένου
970 1021 1290 1084 δεικνύντος
1324 1022 1452 1090 <τε>
1486 1022 1587 1090 τὴν
1625 1022 1828 1087 μανίαν

142 1108 246 1161 κάν
284 1118 398 1171 τοῖς
438 1107 498 1162 ἐν
538 1109 673 1179 αὐτῇ
714 1108 1060 1177 γιγνομένοις
1098 1117 1162 1179 τῇ
1195 1110 1335 1178 δίκῃ.
1401 1110 1519 1163 162.
1561 1105 1721 1172 οὗτος
1759 1105 1829 1178 ’ἦν
1853 1130 1897 1163 10

144 1197 171 1251 ὁ
212 1195 347 1263 κάμὲ
386 1199 646 1261 κελεύσας
685 1199 944 1266 εἰσάγειν,
984 1198 1056 1260 ὡς
1089 1199 1155 1266 δὴ
1187 1205 1282 1265 τῆς
1318 1201 1667 1264 Φιλουμενοῦ
1699 1218 1828 1266 γοη-

142 1288 287 1349 τείας
319 1285 380 1339 ἑν
411 1285 527 1353 ἐμοὶ
560 1287 659 1339 τὸν
694 1289 920 1356 ἔλεγχον
951 1284 1112 1356 ἔχων·
1153 1286 1181 1339 ὁ
1219 1283 1279 1339 δὲ
1312 1289 1529 1356 ἔλεγχος
1560 1283 1647 1355 ἧν,
1692 1305 1829 1356 παρ-

141 1373 317 1446 ῄνουν
357 1375 503 1446 αὐτῷ
550 1376 622 1444 μὴ
663 1383 1051 1444 συκοφαντεῖν,
1107 1373 1222 1427 ἀλλ’
1264 1374 1612 1444 ἀπηλλάχθαι
1658 1392 1829 1445 πραγ-

142 1465 341 1531 μάτων.
417 1464 507 1517 καὶ
553 1471 716 1517 τοῦτο
767 1459 855 1532 ἦν,
906 1461 991 1533 ἐφ’
1051 1457 1196 1536 ᾧπερ
1249 1462 1573 1532 ἐκαλούμην.
1649 1470 1723 1536 τῷ
1768 1461 1828 1516 δὲ

142 1550 310 1606 οὐδὲν
343 1552 518 1605 ἐδόκει
551 1553 739 1606 δεινὸν
764 1549 855 1619 ἐμὲ
889 1550 974 1621 ἐφ’
1014 1552 1187 1615 οὕτως
1220 1552 1473 1621 ἀνοήτοις
1506 1553 1829 1611 εἰσελθόντα
1853 1573 1896 1606 15

144 1640 379 1695 ἑστάναι.
455 1640 546 1694 καὶ
609 1641 713 1709 ἐγὼ
776 1638 877 1708 μὲν
932 1640 1118 1712 -ἑξῄειν
1173 1641 1341 1694 ἐλεῶν
1393 1642 1492 1694 τὸν
1547 1643 1828 1710 δικαστήν,

145 1730 354 1784 ὁπόσον
385 1729 600 1799 ἀπέχων
635 1738 740 1783 νοῦ
773 1731 1014 1795 δικάζειν
1043 1728 1218 1799 ἠξίου,
1251 1739 1363 1783 τῶν
1393 1727 1455 1783 δὲ
1487 1733 1668 1798 φίλων
1698 1733 1828 1783 πολ*-

144 1818 229 1872 λοὶ
271 1818 570 1890 συνέρρεον
610 1821 774 1882 ἄλλος
814 1821 946 1872 ἄλλο
986 1838 1039 1872 τι
1077 1820 1214 1890 πρὸς
1244 1822 1603 1889 παραμυθίαν
1642 1817 1828 1885 ἐσκεμ-

144 1907 320 1974 μένος.
392 1906 618 1961 ἐποίουν
657 1905 718 1960 δὲ
758 1905 926 1961 οὐδὲν
965 1907 1167 1970 αὐτοὺς
1199 1909 1422 1960 δεῖσθαι
1453 1907 1686 1960 τουτωνὶ
1717 1916 1829 1960 τῶν

145 1996 476 2062 σκεμμάτων.
555 1996 727 2059 οὕτως
766 1997 867 2049 οὐκ
907 1995 1225 2066 ἑτετρώμην.
1853 2017 1898 2050 20

258 2083 375 2136 163.
432 2086 695 2154 Φιδήλιος
742 2082 802 2138 δὲ
840 2081 911 2153 ἦν
949 2082 1050 2152 μὲν
1092 2087 1316 2153 Φήστου
1357 2087 1599 2153 πολίτης,
1640 2086 1829 2154 ἄγριος

145 2175 458 2242 ἅνθρωπος,
507 2172 642 2243 ἀρχὴ
690 2170 751 2226 δὲ
798 2174 946 2245 αὐτῷ
993 2182 1106 2226 τῶν
1144 2173 1410 2241 βασιλέως
1450 2172 1827 2240 ἐπιμελεῖσθαι

264 2338 289 2377 2
323 2332 374 2390 γέ
391 2335 435 2378 V
452 2334 499 2376 et
523 2333 591 2376 Re
651 2331 701 2377 τέ
729 2332 898 2389 reliqui
922 2333 1032 2376 libri
1056 2333 1147 2376 edd
1247 2338 1272 2377 3
1298 2332 1399 2391 μὲν]
1423 2333 1471 2378 τὲ
1496 2335 1540 2378 L
1633 2338 1661 2376 4
1683 2332 1750 2391 τε]
1777 2349 1827 2390 γε

155 2394 224 2449 V!
250 2392 400 2444 πύλας
417 2394 512 2447 VL,
545 2392 627 2435 sed
652 2392 731 2436 L·
719 2407 768 2435 111
791 2406 924 2448 marg
947 2410 1001 2450 γρ
1026 2393 1181 2448 θύρας
1270 2398 1295 2436 6
1328 2393 1408 2436 καὶ
1433 2407 1508 2436 0111
1531 2394 1576 2437 L
1657 2396 1681 2435 7
1705 2393 1830 2436 inter

144 2452 254 2502 λεώς
285 2453 333 2495 et
354 2450 628 2508 κατέτεμνεν
651 2451 761 2494 libri
793 2453 1003 2507 (excepto
1022 2452 1083 2508 V)
1115 2453 1162 2496 et
1185 2451 1296 2496 Feri·
1317 2451 1494 2495 habent
1517 2448 1595 2507 ἐφ’
1616 2446 1670 2495 οὗ
1702 2451 1846 2519 quod*

144 2510 276 2554 uncis
307 2510 498 2554 inclusit
528 2511 629 2554 Mor
720 2515 744 2553 9
778 2508 941 2568 ἐποίει]
970 2510 1026 2554 ἐπ
1050 2525 1154 2554 cum
1177 2511 1347 2555 lacuna
1371 2511 1568 2555 duarum
1590 2508 1663 2554 vel
1686 2509 1828 2554 trium

147 2568 410 2614 litterarum
439 2571 485 2615 L
526 2572 532 2626 Ι
573 2585 622 2614 τε
651 2571 760 2626 post
790 2570 1058 2621 δεικνύντος
1087 2570 1261 2614 inserui
1397 2574 1452 2613 10
1484 2571 1574 2613 κάν
1605 2569 1770 2626 scripsi
1802 2581 1828 2613 e

147 2628 236 2672 PB
288 2629 369 2672 καὶ
390 2628 561 2684 reliqui
583 2628 694 2672 libri
718 2629 806 2672 edd
873 2634 923 2671 11
948 2631 1249 2702 φιλουμενοῢιν
1246 2630 1337 2674 BL
1361 2630 1409 2672 et
1423 2629 1492 2672 Re
1545 2627 1828 2684 φιλουμένου

147 2687 327 2732 AOPV
350 2688 461 2731 Fen·
491 2687 593 2731 Mor
724 2692 778 2731 13
812 2687 924 2731 ἀλλὰ
956 2689 1000 2731 L
1130 2693 1183 2732 14
1216 2681 1338 2762 ᾧπερ
1372 2688 1631 2744 ἐκαλούμην
1663 2687 1827 2744 scripsi

148 2745 272 2800 quod
301 2747 496 2820 praebet
526 2747 670 2790 eriam
694 2747 784 2790 Par
815 2747 988 2804 (Gasda
1019 2747 1039 2788 I
1066 2749 1146 2819 16)
1215 2741 1251 2806 ᾧ
1273 2749 1625 2803 παρεκαλοῦμεν
1655 2745 1826 2802 reliqui

147 2803 255 2847 libri
338 2798 373 2847 ὦ
402 2805 760 2862 παρεκαλούμην
791 2806 859 2849 Re
890 2805 1029 2848 Anim
1113 2792 1234 2874 ᾧπερ
1268 2805 1438 2851 ἐκάκου
1470 2822 1523 2862 με
1558 2805 1828 2848 MSchmidt

148 2862 314 2906 Philol.
345 2850 388 2906 X
419 2868 504 2907 610
642 2868 695 2907 17
728 2863 914 2923 ἀπέχων
946 2871 1030 2909 νοῦ
1062 2865 1227 2921 scripsi
1258 2878 1283 2908 e
1310 2866 1398 2910 GV
1423 2879 1528 2908 cum
1557 2863 1828 2907 MSchmidt

207 2919 324 2979 ἀπέχ
328 2939 402 2996 ων,
416 2923 471 2966 οὐ
494 2924 676 2967 APBL
700 2925 747 2967 et
770 2941 824 2980 γρ
820 2882 986 2967 χ’Μοι·
972 2938 1022 2966 111
1045 2937 1178 2980 marg
1238 2922 1329 2968 ἀπέ
1358 2940 1428 2968 ειν
1456 2924 1510 2967 οὐ
1542 2923 1653 2966 Ferr
1674 2923 1776 2966 Mor

149 2939 328 3038 ἐπέχειν
353 2981 407 3024 οὐ
432 2982 537 3024 coni
561 2982 662 3025 Mor
722 2981 906 3041 ἀπέχων
929 2989 1011 3026 τοῦ
1037 2983 1140 3026 coni
1164 2983 1231 3026 Re
1249 2984 1296 3026 et
1348 2982 1458 3026 obet
1473 2982 1642 3025 Mnem.
1660 2981 1723 3024 HI
1739 2985 1826 3025 250
