2026 3168
664 142 892 187 LIBANII
923 140 1264 187 ORATIONES
1739 140 1807 193 13

241 286 372 334 156*
408 282 752 350 πρεσβευτικὸς
789 282 912 349 πρὸς
952 280 1204 331 ἰουλιανόν

242 360 345 408 165
409 357 532 424 πρὸς
570 355 820 421 ἀντιοχὲας
857 354 966 422 περὶ
1004 362 1091 420 τῆς
1128 361 1214 404 τοῦ
1254 352 1489 419 βασιλέως
1527 351 1677 420 ὀργῆς

242 434 345 482 170
407 431 647 496 μονωιδία
687 429 766 480 ἐπὶ
805 429 1057 479 ἰουλιανῶι

242 507 374 554 173*
412 504 667 568 ἐπιτάφιος
705 502 784 554 ἐπὶ
823 502 1054 554 ἰουλιανῶ
1094 497 1181 571 (τῷ
1214 502 1442 568 θεομάχοι)
1483 502 1591 550 add.
1631 496 1704 569 m)

245 582 348 629 209
412 579 535 646 πρὸς
573 578 835 629 θεοδόσιον
873 575 1073 642 βασιλέα
1110 575 1220 643 περὶ
1258 583 1344 641 τῆς
1382 575 1590 635 στάσεως

240 655 372 702 214*
409 653 532 719 πρὸς
570 651 833 702 θεοδόσιον
871 649 1072 716 βασιλέα
1109 649 1188 700 ἐπὶ
1227 654 1331 709 ταῖς
1369 650 1650 716 διαλλαγαῖς
1748 650 1811 714 κβ

241 730 373 777 220*
410 727 480 786 εἰς
518 726 772 792 καισάριον
811 725 1077 792 μάγιστρον
1345 743 1406 790 κγ

241 803 345 851 223
409 801 532 867 πρὸς
569 799 810 865 ἐλλέβιχον
965 795 1042 848 κδ’
1374 811 1378 815 ’

246 877 350 924 228
413 873 522 941 περὶ
561 882 648 939 τῆς
685 873 918 940 τιμωρίας
957 872 1210 922 ιὀυλιανοῦ
1363 890 1416 921 κε

239 949 434 998 Folium
460 951 592 998 231*
615 948 796 997 desinit
819 963 939 996 voce
962 947 1145 1006 θυσίας
1167 947 1219 994 Π
1244 947 1328 1008 56,
1356 947 1386 995 8
1412 947 1471 1008 R,
1502 946 1678 995 folium
1706 947 1810 995 232

129 1023 306 1086 incipit
344 1023 544 1071 vocibus
584 1021 646 1086 δὴ
687 1020 885 1085 ἕκάβης,
925 1037 1052 1084 quae
1093 1024 1208 1070 sunt
1244 1020 1397 1070 verba
1428 1021 1667 1069 orationis
1704 1017 1815 1085 περὶ

131 1097 353 1155 δουλείας
397 1097 449 1145 Π
489 1098 573 1157 63,
616 1098 696 1144 14.
772 1095 939 1143 Unum
991 1096 1146 1159 igitur
1198 1095 1374 1143 folium
1427 1095 1630 1155 excidit,
1683 1094 1815 1157 quod

131 1174 304 1233 postea
335 1187 486 1220 manu
517 1170 701 1219 saeculi
730 1169 823 1217 XV
854 1169 1138 1232 suppletum
1176 1169 1264 1218 sed
1301 1169 1428 1217 falso
1458 1169 1566 1218 loco
1597 1169 1816 1230 positum

131 1261 260 1293 nunc
298 1245 442 1293 initio
483 1245 662 1293 codicis
702 1246 816 1292 ante
849 1243 1034 1292 πίνακα
1063 1243 1260 1307 legitur.
1332 1242 1527 1291 Titulus
1559 1257 1675 1291 vero
1706 1239 1816 1307 περὶ

132 1318 357 1377 δουλείας
395 1320 604 1366 omissus
644 1321 730 1366 est.

247 1394 349 1441 239
417 1391 539 1458 πρὸς
577 1391 768 1457 ι’κάριον

245 1467 349 1514 243
419 1463 541 1514 κατὰ
579 1465 773 1531 ἰκαρίου
934 1468 1005 1513 κθ
1043 1458 1156 1531 (pro
1194 1458 1281 1531 κη)

247 1542 379 1588 247*
415 1538 537 1588 κατὰ
576 1538 768 1605 ἰκαρίου
808 1532 955 1605 (πρὸς
992 1537 1078 1588 τὸν
1115 1543 1388 1604 κρατοῦντα
1429 1538 1537 1587 add.
1578 1532 1626 1605 s)

248 1615 380 1663 250*
416 1611 539 1679 ὑπὲρ
579 1620 676 1662 τῶν
694 1652 698 1655 ,
715 1613 859 1679 ἱερῶν

251 1689 383 1736 257*
420 1687 543 1754 πρὸς
581 1685 830 1751 ἀντιοχέας
867 1683 990 1752 ὑπὲρ
1030 1692 1127 1735 τῶν
1166 1684 1387 1752 ῥητόρων
1581 1688 1640 1733 λα

248 1763 379 1810 263*
415 1759 525 1828 περὶ
563 1760 876 1827 θρασυδαίου
923 1776 1076 1823 usque
1116 1761 1182 1809 ad
1219 1760 1370 1808 verba
1413 1757 1688 1823 μενέδημον
1725 1758 1816 1825 γάρ

137 1829 212 1901 (ΙΙ
245 1837 366 1897 228,
401 1830 494 1902 17)
542 1835 719 1897 quibus
768 1835 944 1883 folium
985 1835 1091 1882 264
1130 1834 1324 1882 desinit.
1399 1833 1512 1882 Duo
1551 1834 1672 1882 folia
1711 1834 1818 1896 qui-

134 1909 226 1957 bus
264 1910 454 1972 reliqua
484 1924 600 1971 pars
633 1909 870 1958 orationis
902 1907 1265 1969 continebatur,
1302 1909 1569 1969 perierunt,
1609 1922 1820 1969 quorum

136 1984 244 2031 loco
282 1985 457 2045 postea
493 1999 647 2030 unum
684 1983 860 2031 folium
898 1997 1112 2030 vacuum
1148 1982 1418 2043 repositum
1458 1984 1544 2030 est.

248 2055 472 2113 Quarta
511 2072 626 2118 pars
658 2050 766 2122 (fol.
802 2049 1116 2122 265—403)
1148 2071 1299 2103 manu
1330 2056 1514 2104 saeculi
1544 2054 1662 2103 XIV
1693 2070 1819 2117 quae

133 2132 377 2179 iacturam
426 2130 729 2192 reliquarum
774 2131 826 2177 in
871 2130 1021 2178 tertia
1066 2132 1208 2191 parte
1255 2130 1535 2178 orationum
1577 2131 1814 2192 restituit,

140 2207 341 2254 exarata
382 2206 620 2253 continet:
1422 2266 1426 2269 η

252 2280 355 2328 265
395 2276 517 2326 κατὰ
555 2283 817 2341 τισαμενοῦ
829 2270 872 2343 1)
1241 2279 1300 2343 λγ
1339 2269 1415 2344 (in
1451 2278 1676 2340 margine
1715 2270 1819 2342 μδ’)

253 2354 355 2401 269
397 2350 520 2416 πρὸς
557 2350 642 2409 τὰς
679 2358 766 2401 τοῦ
804 2349 1120 2415 παιδαγωγοῦ
1159 2350 1474 2415 βλασφημίας
1762 2349 1820 2398 λδ

252 2427 356 2474 272
398 2424 520 2491 πρὸς
558 2423 674 2484 τοὺς
712 2423 772 2474 οὐ
810 2422 1037 2489 λέγοντας
1074 2426 1124 2474 λε
1164 2418 1239 2492 (in
1276 2427 1499 2488 margine
1539 2418 1642 2490 μς’)
1855 2446 1860 2449 *

253 2501 384 2547 274*
420 2497 542 2547 κατὰ
579 2506 676 2547 τῶν
714 2497 1030 2563 πεφευγότων
1236 2495 1310 2554 λς’
1349 2492 1425 2565 (in
1462 2499 1683 2562 margine
1722 2494 1797 2561 μζ’

259 2574 360 2620 276
402 2570 511 2637 περὶ
549 2579 646 2621 τῶν
685 2571 959 2638 φαρμάκων
1247 2568 1319 2631 λζ’
1357 2566 1434 2639 (in
1470 2588 1624 2636 marg.
1664 2567 1795 2635 Wl'z)

263 2716 307 2768 1)
344 2713 490 2756 Tituli
529 2713 666 2757 huius
703 2712 852 2770 partis
892 2714 1161 2757 constanter
1197 2712 1423 2757 rubricati
1454 2713 1573 2756 sunt.
1636 2711 1706 2756 De
1736 2727 1820 2755 nu-

141 2771 279 2816 meris
311 2772 359 2815 in
390 2772 599 2830 margine
631 2772 795 2829 positis
826 2772 903 2816 hic
934 2772 1060 2816 idem
1090 2773 1216 2827 quod
1239 2785 1379 2829 supra
1411 2774 1472 2829 (p.
1500 2774 1573 2828 12)
1606 2771 1663 2815 de
1699 2770 1822 2814 infra

145 2830 329 2887 scriptis
362 2830 459 2874 dixi
489 2831 625 2874 valet.

262 2890 306 2946 2)
338 2906 366 2946 η
397 2902 538 2933 manu
568 2890 823 2946 posteriore
853 2890 903 2934 in
926 2903 1087 2934 rasura
1112 2903 1259 2945 aeque
1283 2891 1424 2945 atque
1446 2888 1497 2932 in
1521 2887 1820 2946 sequentibus

146 2946 296 2991 titulis
327 2951 379 3003 θ’,
410 2965 452 3003 υ,
483 2965 528 3003 α,
562 2949 591 3006 β
622 2950 708 2993 etc.
