2026 3168
177 151 279 203 182
716 151 943 195 LIBANH
975 151 1314 197 ORATIONES

170 287 517 356 προύδίδουν
578 306 639 354 γε
710 287 897 349 αὐτοῖς
957 285 1193 354 ἐμαυτὸν
1262 287 1394 341 οὐδὲ
1461 287 1846 357 ἀνεπειθόμην.

170 383 467 445 τοιγαροῦν
517 374 835 445 ἐπῃνούμην
884 395 942 428 τε
990 374 1080 428 καὶ
1131 375 1268 446 ἀνὴρ
1317 371 1457 430 εἶναι
1507 375 1741 430 ἐδόκουν
1786 379 1848 429 ε”ν

169 484 227 517 τε
273 465 519 533 ἠπείροις
564 465 653 516 καὶ
700 465 912 532 νήσοις,
965 465 1159 532 δεῖγμα
1203 467 1408 535 τρόπου
1447 468 1726 534 βελτίονος
1766 464 1849 517 ε’κ-

169 552 355 622 φέρων
394 554 494 620 τὴν
535 552 639 604 ἀπὸ
678 561 773 620 τῆς
811 552 1024 619 ὁμιλίας
1061 561 1156 621 τῆς
1195 552 1408 607 ἐκείνου
1449 556 1650 622 φυγήν.

123 663 142 695 5
278 641 400 693 225.
456 646 651 694 Δοῦσα
697 638 757 693 δὲ
804 641 934 710 ἡμῖν
981 643 1218 710 ἄρχοντα
1262 642 1478 710 ἀγαθὸν
1516 641 1638 695 ἀντὶ
1676 649 1847 695 κακοῦ

165 731 262 782 τὸν
312 730 606 798 Θεοδώρου
652 737 751 782 τοῦ
801 730 866 782 οὐ
915 731 1138 792 δικαίως
1185 729 1566 793 ἀποθανόντος
1615 732 1648 799 ἡ
1704 732 1848 800 Τύχη

167 819 334 870 ἔδωκε
380 814 482 884 μὲν
530 821 828 887 σωτηρίαν,
876 820 1043 871 ἔδωκε
1090 815 1151 870 δὲ
1190 818 1538 888 ἐλευθερίαν,
1579 820 1745 872 ἔδωκε
1787 817 1848 872 δὲ

167 906 505 959 ἀναπνεῦσαι
545 910 831 975 λυπήσασα
870 909 1076 974 μόνους
1113 910 1243 969 τοὺς
1282 908 1640 977 σοροπηγούς.
1718 908 1747 961 ὁ
1788 909 1850 961 δὲ

165 999 417 1048 Μουσῶν
463 1015 519 1048 τε
567 992 636 1063 ἦν
681 998 948 1065 τρόφιμος
994 997 1084 1048 καὶ
1131 997 1231 1064 τὴν
1271 996 1443 1065 ἀρχὴν
1485 992 1665 1050 ἆθλον
1704 993 1849 1066 εἶχεν

99 1106 142 1138 10
167 1083 312 1136 ἐπῶν
359 1083 540 1151 λέγειν
585 1104 643 1137 τε
691 1083 749 1136 ἐκ
795 1092 890 1152 τῆς
937 1085 1104 1154 ἀρχῆς
1152 1084 1528 1151 κεκωλυμένος
1577 1087 1849 1154 λεγόντων

164 1172 462 1226 ἀπολαύειν
508 1174 676 1241 ἤθελε
729 1182 846 1235 ταῖς
891 1193 949 1226 τε
995 1174 1071 1236 εἰς
1119 1170 1210 1240 ἐμὲ
1259 1182 1439 1240 τιμαῖς
1493 1175 1663 1226 παῖδα
1717 1173 1848 1241 ε’μὸν

164 1261 360 1314 ἑαυτὸν
401 1261 727 1330 ἐπεποιήκει,
768 1261 893 1315 ὥστ’
932 1256 1080 1314 εἷναί
1113 1282 1206 1329 μοι
1244 1262 1333 1314 καὶ
1367 1264 1472 1315 σὺν
1505 1262 1640 1333 ὀργῇ
1674 1262 1850 1331 φθέγ-

164 1356 387 1418 γεσθαι,
451 1350 480 1403 ὃ
541 1351 632 1402 καὶ
699 1351 966 1422 Θεοδώρῳ
1030 1352 1122 1419 ἄν,
1186 1356 1335 1419 εἴπερ
1407 1350 1667 1420 ἐτύγχανε
1729 1354 1847 1416 ζῶν.

101 1461 143 1492 14
167 1439 290 1492 226.
345 1435 505 1500 οὗτος
557 1438 616 1491 ἐν
671 1443 807 1511 λιμῷ
857 1441 1170 1508 κατειλήφει
1227 1441 1328 1507 τὴν
1381 1441 1560 1492 πόλιν.
1649 1446 1847 1492 τοῦτον

80 1539 225 1583 R140
257 1530 416 1594 μείζω
456 1528 553 1580 τὸν
600 1528 760 1594 λιμὸν
807 1527 1036 1581 ἐποίουν
1082 1529 1138 1580 αἱ
1182 1529 1316 1580 κατὰ
1365 1537 1475 1581 τῶν
1509 1526 1514 1598 Ι
1551 1538 1847 1581 σιτοποιῶν

167 1615 396 1668 ἀπειλαί.
491 1612 597 1668 εἷθ’
669 1618 722 1669 οἱ
781 1614 882 1683 μὲν
944 1616 1280 1686 ἀποδράντες
1341 1619 1542 1680 ἔσωζον
1603 1615 1846 1684 ἑαυτούς,

166 1706 327 1773 ἄρτος
378 1701 437 1756 δὲ
486 1706 750 1773 οὐδαμοῦ,
801 1713 982 1775 πυροῦ
1035 1706 1096 1758 δὲ
1147 1705 1375 1773 ἐλπίδες,
1426 1706 1515 1757 καὶ
1566 1715 1742 1767 κακῶς
1792 1704 1840 1758 δ’

166 1792 234 1845 ἂν
273 1794 518 1860 ποιήσειε
549 1795 609 1846 τὸ
641 1802 852 1862 πεινῆν.
907 1794 939 1862 ἡ
972 1791 1074 1862 μὲν
1106 1789 1209 1846 οὖν
1240 1796 1399 1856 πόλις
1431 1791 1596 1847 οὐδὲν
1628 1793 1847 1863 διέφερε

165 1880 547 1951 χειμαζομένης
593 1884 753 1951 νεώς,
801 1882 906 1950 ἐγὼ
956 1883 1016 1935 δὲ
1063 1884 1373 1951 εἰσδραμὼν
1418 1884 1565 1951 παρὰ
1610 1884 1707 1935 τὸν
1753 1884 1847 1951 ἄρ-

99 1991 142 2023 20
165 1989 331 2038 χοντα
367 1972 499 2037 μετὰ
545 1974 723 2024 πόνου
769 1971 887 2039 μέν,
933 1972 1089 2024 παύω
1132 1970 1179 2023 δ’
1227 1967 1329 2023 οὖν
1374 1971 1650 2039 βλαβερὰν
1689 1975 1847 2039 φιλο-

164 2061 388 2111 νεικίαν.
476 2059 697 2112 ἀπιστία
753 2061 814 2113 δὲ
868 2056 977 2128 εἶχε
1030 2062 1159 2122 τοὺς
1221 2060 1557 2127 σιτοποιούς,
1621 2059 1693 2121 ὡς
1745 2059 1847 2128 οὐχ

165 2146 470 2200 ἁλώσονται
522 2147 806 2217 φανέντες,
853 2149 941 2200 καὶ
990 2149 1193 2201 ἅπασαι
1232 2147 1552 2216 ὑποσχέσεις
1591 2146 1847 2209 ἀσθενεῖς

166 2237 310 2303 πλὴν
348 2244 472 2302 μιᾶς
510 2245 603 2304 τῆς
644 2236 784 2305 ἐμῆς.
862 2237 982 2288 227.
1037 2238 1108 2299 ὡς
1154 2233 1214 2289 δὲ
1255 2233 1412 2289 εἷπον
1453 2237 1571 2288 δεῖν
1609 2241 1844 2303 θαρρεῖν

284 2371 307 2408 6
337 2363 537 2421 Ἰκάριον
571 2367 627 2410 cf.
660 2367 809 2411 Amm.
842 2367 989 2410 XXIX
1025 2373 1060 2420 1,
1089 2371 1113 2410 8
1140 2382 1210 2422 sq.
1319 2371 1343 2409 9
1376 2365 1553 2408 Pallad.
1577 2364 1717 2407 Anth.
1742 2364 1841 2408 Pal.

166 2424 205 2466 X
231 2429 300 2477 52,
326 2429 351 2467 2
458 2430 510 2469 10
542 2426 584 2468 Π
610 2431 707 2482 135,
734 2431 773 2470 4.
806 2431 902 2480 113,
932 2431 985 2470 18
1010 2426 1051 2468 R

284 2547 305 2584 1
341 2541 627 2597 προύδίδουν
659 2544 823 2599 scripsi
856 2558 879 2587 e
907 2545 988 2588 VL
1063 2541 1343 2598 προεδίδουν
1374 2543 1511 2586 ΑΡΒ
1582 2538 1843 2595 προεδίδων

167 2601 213 2654 C,
246 2601 327 2643 sed
360 2617 379 2644 ε
410 2602 479 2643 m²
511 2615 536 2645 e
569 2617 593 2645 6
744 2607 768 2645 3
802 2602 1010 2658 ἐκφέρων
1041 2603 1152 2645 Fen·
1182 2603 1231 2645 in
1261 2614 1395 2656 marg
1478 2598 1638 2656 φέρων
1669 2600 1844 2644 ACPB

164 2659 274 2701 Fen·
404 2665 428 2703 6
459 2661 559 2717 τὸν]
593 2668 673 2704 τοῦ
705 2663 750 2705 Α
786 2662 790 2718 Ι
833 2662 861 2717 ἡ
894 2662 943 2704 in
973 2675 1048 2705 ras
1079 2661 1144 2705 Ρ2
1271 2664 1296 2702 8
1329 2658 1605 2713 σοροποιούς
1635 2659 1678 2702 L
1711 2660 1759 2701 et
1787 2675 1843 2715 γρ

165 2718 265 2760 Mor
295 2718 343 2760 in
375 2732 509 2775 marg
630 2725 682 2762 11
717 2719 885 2774 ἤθελεν
921 2721 958 2764 G
1074 2725 1128 2763 16
1165 2719 1349 2771 ἔσωιζον
1384 2719 1422 2763 C'
1545 2721 1599 2760 18
1639 2716 1844 2771 ποιήσειε

163 2777 312 2829 „deest
334 2776 454 2833 ἡμᾶς
477 2783 559 2821 aut
581 2778 665 2834 τὴν
689 2777 854 2822 πόλιν“
878 2780 945 2822 Re
991 2794 1103 2822 num
1127 2776 1310 2833 ἐποίησε
1333 2777 1406 2821 vel
1431 2774 1609 2820 ἐπίεσεῬ
1679 2780 1734 2819 20
1757 2774 1843 2820 πό-

165 2851 248 2879 νου
281 2835 382 2893 μέν]
416 2836 498 2891 μὲν
529 2835 676 2880 πόνου
702 2839 744 2881 L
771 2837 777 2895 Ι
820 2836 864 2880 δ’
895 2835 979 2882 οὖν
1011 2837 1174 2893 scripsi
1206 2850 1230 2880 e
1258 2837 1338 2880 VL
1369 2853 1423 2892 γρ
1456 2835 1556 2878 Μο1·
1579 2835 1628 2878 in
1651 2847 1785 2892 marg

165 2894 216 2937 δὲ
248 2894 421 2938 AOPB
454 2896 543 2939 edd
679 2901 731 2938 21
767 2893 812 2939 δ’
842 2898 885 2940 L
1021 2901 1075 2939 22
1108 2895 1362 2939 ἁλώσονται
1395 2893 1557 2950 scripsi
1642 2893 1842 2937 ἀλῶνται

174 2953 255 2997 VL
325 2952 543 2997 ἁλοῦνται
573 2955 748 2998 ACPB
781 2955 870 2998 edd
