2026 3168
703 161 931 205 LIBANII
962 159 1303 205 ORATIONES
1738 162 1845 213 247

164 296 429 365 σθένους,
476 295 639 350 ὁπότε
678 296 961 350 ἀδικοῖντο
999 296 1107 349 ὑπὸ
1146 303 1247 349 τοῦ
1286 295 1546 366 θεάτρου,
1596 297 1664 349 τὰ
1701 299 1846 349 πολὺ

165 386 486 453 διεστηκότα
523 388 882 454 συναγόντων
919 393 1038 448 ταῖς
1073 387 1247 453 βοαῖς,
1289 381 1441 454 οἶμαι
1471 385 1678 447 πάντας
1710 384 1847 438 εἰδέ-

162 493 280 542 ναι,
327 471 422 526 καὶ
457 475 561 543 γὰρ
602 475 670 543 δὴ
708 473 799 527 καὶ
839 475 1097 545 προλόγῳ
1135 481 1307 526 ταῦτα
1352 475 1588 542 ἔπαυσα,
1634 477 1847 542 μᾶλλον

164 563 226 616 δὲ
265 561 583 631 ἐβουλήθην
621 561 739 631 μέν,
792 560 873 616 ἔτι
912 562 974 615 δὲ
1018 561 1221 615 ταύτὸν
1266 565 1417 615 ἔστιν
1463 557 1531 615 οὗ
1581 560 1588 633 Ι
1636 565 1831 618 vok-R
1850 579 1937 618 180

163 659 341 720 μᾶται.
1893 672 1913 704 5

274 739 361 793 25.
401 741 552 793 Αὐτὸ
585 744 782 794 τοίνυν
812 742 872 795 τὸ
905 744 1121 810 πλῆθος
1150 749 1263 793 τῶν
1294 738 1624 808 ἐπιδείξεων,
1660 738 1846 808 ἐπειδή

162 848 316 891 τινας
355 827 612 898 ᾐσθόμην
652 830 1153 900 δυσχεραίνοντας,
1186 827 1336 901 ᾤμην
1375 827 1440 882 δέ
1474 847 1536 897 γε
1583 827 1771 890 αὐτοῖς
1817 827 1846 880 ὁ

160 917 383 985 ἠλίθιος
421 920 739 987 χαρίζεσθαι
774 926 838 988 τῇ
871 920 1186 987 πυκνότητι,
1224 916 1496 970 κατέλυσα
1525 915 1617 969 καὶ
1648 915 1682 969 ἃ
1712 918 1849 982 πρό-

161 1024 325 1074 τερον
357 1005 416 1059 ἐν
447 1010 679 1075 πλείοσι,
718 1005 868 1060 ταῦτ’
905 1006 967 1060 ἐν
997 1015 1112 1070 τοῖς
1145 1015 1379 1076 φοιτῶσι
1411 1006 1661 1058 δεικνύω.
1701 1005 1846 1058 οὕτω

162 1095 309 1147 πάνυ
350 1093 574 1147 δέδοικα
612 1094 774 1164 <καὶ>
811 1096 872 1148 τὸ
912 1096 1099 1148 δοκεῖν
1139 1091 1280 1147 εἶναι
1318 1095 1506 1164 βαρύς.
1871 1115 1916 1147 ιο

274 1183 360 1235 26.
397 1184 489 1251 Νὴ
522 1182 639 1252 Δί’,
680 1183 818 1236 ἀλλὰ
855 1185 1068 1236 τούτων
1106 1180 1208 1252 μὲν
1246 1183 1415 1236 οὐδὲν
1453 1183 1638 1245 οὐδεὶς
1676 1183 1847 1235 αἰτιᾶ-

161 1292 274 1339 ται,
322 1270 499 1325 ἐκεῖνο
548 1272 610 1325 δὲ
657 1273 718 1325 τὸ
767 1273 834 1325 τὰ
878 1273 1046 1325 πάλαι
1091 1272 1192 1339 μὲν
1239 1273 1374 1325 ὄντα
1419 1277 1623 1325 ποθεῖν
1660 1290 1718 1324 τε
1755 1271 1847 1324 καὶ

161 1359 426 1427 ἐπαινεῖν,
474 1369 584 1412 τῶν
622 1362 915 1430 παρόντων
953 1360 1016 1413 δὲ
1052 1368 1396 1429 κατηγορεῖν,
1441 1358 1533 1413 καὶ
1579 1361 1702 1413 τότε
1746 1360 1849 1429 μὲν

161 1449 396 1518 φάσκειν
435 1448 767 1518 εὐδαίμονας
806 1445 950 1502 εἷναι
988 1450 1083 1512 τὰς
1119 1451 1332 1517 πόλεις,
1374 1447 1505 1502 νυνὶ
1545 1449 1607 1502 δὲ
1646 1450 1848 1502 δυστυ-

160 1546 296 1606 χεῖν,
333 1538 424 1590 καὶ
462 1545 665 1590 τοῦτον
703 1537 794 1591 ἀεί
827 1557 884 1591 τε
922 1536 1013 1590 καὶ
1047 1545 1328 1606 πανταχοῦ
1359 1538 1452 1590 καὶ
1480 1535 1610 1590 καθ’
1639 1536 1848 1607 ἡμέραν
1870 1558 1915 1592 15

161 1624 426 1694 λέγεσθαί
461 1646 556 1695 μοι
593 1627 692 1679 τὸν
731 1628 913 1695 λόγον.
989 1626 1076 1679 27.
1117 1626 1220 1679 εἰσὶ
1261 1622 1322 1679 δὲ
1354 1627 1408 1679 οὶ
1438 1633 1609 1679 ταῦτα
1638 1628 1848 1695 μεμφό-

160 1733 318 1782 μενοι
364 1715 453 1767 καὶ
502 1715 557 1767 οἱ
602 1723 720 1778 τοῖς
770 1717 959 1784 λόγοις
1007 1714 1305 1783 ἀνιώμενοι
1353 1715 1595 1783 τούτοις,
1651 1707 1736 1778 οἷς
1780 1716 1848 1767 τὰ

161 1805 409 1872 παρόντα
447 1806 806 1872 συνήνεγκεν·
847 1796 931 1867 οἷς
969 1802 1017 1856 δ’
1049 1803 1374 1873 ἐλυμήνατο,
1413 1812 1525 1855 τῶν
1557 1801 1847 1855 ἐπαινούν-

161 1911 287 1943 των.
364 1894 625 1959 γεγόνασι
665 1892 726 1946 δὲ
773 1888 928 1945 οὗτοι
974 1893 1075 1961 μὲν
1123 1890 1176 1955 ἐξ
1227 1890 1466 1955 ἐνδόξων
1516 1891 1706 1954 ἄδοξοι
1753 1892 1846 1945 καὶ

160 1977 214 2042 ἐξ
256 1980 507 2048 εὐπόρων
545 1981 762 2050 ἄποροι,
802 1979 1004 2034 ἐκεῖνοι
1044 1981 1105 2034 δὲ
1135 1981 1467 2033 τούναντίον
1498 1978 1560 2032 ἐν
1590 1977 1722 2050 δόξῃ
1753 1978 1845 2033 καὶ
1869 2002 1914 2033 so

159 2068 380 2140 πλούτῳ
419 2067 511 2121 καὶ
551 2070 809 2138 δυνάμει,
853 2065 932 2122 ὧν
969 2077 1238 2122 τοσοῦτον
1276 2068 1504 2137 ἀπεῖχον
1541 2076 1660 2130 ταῖς
1696 2066 1846 2121 ἐλπί-

161 2170 269 2223 σιν,
309 2156 547 2223 ὅσονπερ
586 2165 688 2210 τοῦ
726 2159 1048 2225 πτήσεσθαι.
1125 2157 1210 2210 28.
1252 2157 1460 2210 οὐκοῦν
1496 2165 1613 2220 τοῖς
1647 2153 1750 2225 μὲν
1781 2152 1844 2210 εὖ

280 2307 334 2345 22
367 2300 468 2356 ἤτοι
498 2301 715 2347 πετάσειν
739 2303 782 2346 V

279 2440 307 2478 4
354 2434 405 2480 δὲ
453 2449 528 2479 om
570 2436 614 2480 U
651 2435 776 2479 inser
810 2435 864 2478 1²
913 2437 918 2491 1
962 2430 1017 2478 οὗ
1061 2447 1202 2491 supra
1234 2432 1258 2479 ὃ
1292 2434 1356 2478 Ρ8
1445 2451 1500 2492 γρ
1541 2430 1596 2478 οὗ
1636 2447 1777 2491 supra
1817 2433 1843 2479 ὃ

164 2493 272 2538 Μ“
253 2511 277 2538 ο
317 2494 520 2540 VUIMo
551 2494 764 2538 Monnier
852 2511 907 2551 γρ
942 2491 965 2538 ὃ
1005 2493 1055 2536 in
1091 2505 1226 2550 marg
1256 2494 1303 2538 A
1424 2497 1450 2537 8
1489 2500 1543 2551 τῇ
1590 2492 1844 2562 πυκνότητι

161 2566 238 2596 om
276 2553 321 2598 U
395 2553 520 2597 inser
549 2552 607 2596 1²
743 2557 768 2596 9
800 2549 955 2610 ταῦτ’]
1004 2559 1149 2596 ταῦτα
1188 2559 1274 2597 νῦν
1312 2553 1349 2596 I
1387 2554 1491 2609 (νῦν
1529 2554 1688 2596 tamen
1718 2552 1845 2596 inser

161 2611 245 2666 111²)
290 2614 338 2656 et
381 2612 504 2656 Fabr
626 2617 680 2655 10
716 2613 796 2656 καὶ
841 2611 1015 2655 inserui
1047 2624 1072 2654 e
1114 2612 1158 2656 V
1273 2616 1325 2654 11
1367 2612 1522 2664 οὐδεὶς
1567 2611 1705 2656 οὐδὲν
1746 2612 1791 2655 V

161 2670 301 2715 οὐδὲν
341 2684 415 2714 om
450 2673 534 2715 Mo
580 2671 705 2715 inser
741 2670 799 2715 1²
882 2668 983 2715 οὐδ
1024 2683 1128 2713 cum
1159 2683 1320 2714 rasura
1352 2671 1550 2714 duarum
1579 2670 1842 2713 litterarum

173 2729 242 2786 Ul
270 2730 424 2779 ουδεὶς
453 2744 529 2774 om
554 2731 597 2775 U
714 2735 769 2774 14
800 2737 888 2774 νῦν
921 2730 1005 2772 Mo
1127 2733 1181 2773 15
1212 2745 1261 2774 τε
1292 2743 1367 2773 om
1385 2730 1571 2787 BMV}
1610 2729 1690 2772 καὶ
1720 2726 1839 2772 καθ’

161 2785 339 2843 ἡμέραν
371 2801 447 2831 om
476 2790 589 2833 ΒΜ
666 2790 746 2833 καὶ
777 2802 852 2832 om
878 2789 951 2833 UI
974 2787 1098 2831 Fabr
1178 2791 1278 2832 καθ
1276 2785 1472 2845 ’ἡμέραν
1507 2800 1532 2831 e
1563 2787 1843 2844 καθήμεραν

163 2860 264 2889 corr
297 2846 415 2900 Mo',
455 2850 562 2922 post
599 2845 816 2904 λέγεσθαί
854 2863 932 2903 μοι
963 2846 1086 2890 Fabr
1167 2845 1443 2904 καθημέραν
1474 2847 1576 2891 AV
1704 2850 1757 2889 17
1798 2845 1844 2890 οἱ

163 2904 277 2948 del?
398 2909 452 2948 18
485 2903 573 2964 οἷς]
606 2907 671 2958 εἰς
704 2908 787 2951 Mo
815 2909 820 2963 Ι
849 2905 1133 2978 ἐλυμήναντο
1167 2907 1251 2951 ΜΟ
1366 2910 1419 2949 19
1452 2903 1499 2949 δ’
1527 2905 1596 2948 Re
1702 2909 1758 2948 20
1791 2904 1843 2949 ἐν

161 2962 295 3022 δόξῃ]
323 2963 505 3016 ἔνδοξοι
539 2966 583 3009 U
659 2970 712 3008 22
740 2962 1007 3022 ὅσονπερ]”
982 2978 1179 3020 οσονπερ
1207 2965 1287 3008 καὶ
1310 2965 1433 3008 Fabr
1506 2961 1613 3008 ’ὅσον
1635 2971 1734 3015 πῶς
1758 2964 1843 3008 Mo
