2026 3168
182 130 214 182 9
219 131 251 182 2
723 131 950 175 LIBANH
981 130 1321 176 ORATIONES

179 267 310 328 θεὸς
342 267 417 329 εἰς
448 267 544 319 τὸν
576 266 818 335 εὐπρεπῆ
849 285 916 334 με
945 273 1144 319 τοῦτον
1169 265 1572 334 ἐκπεσούμενον
1603 269 1863 338 ὄλεθρον,

180 348 224 425 ᾦ
272 356 515 422 τοῦνομα
559 355 703 421 μάλα
752 355 1025 424 εὔφημον,
1084 354 1113 407 ὁ
1163 362 1262 408 τοῦ
1316 363 1484 426 χοροῦ
1539 358 1862 427 προστάτης,

178 440 316 513 ὑπὲρ
356 444 486 496 ὅτου
525 440 626 512 μὲν
663 450 835 496 ταῦτα
872 443 1124 512 ἡγούμην
1161 463 1255 510 μοι
1293 447 1590 514 προσήκειν
1631 445 1862 513 ὑπενεγψ

178 541 296 584 κεῖν
336 539 620 602 σοφιστοῦ,
659 533 859 584 τούτου
898 530 998 598 μέν
1036 551 1100 599 με
1134 533 1441 602 σοφώτατα,
1480 533 1660 605 ὥσπερ
1693 539 1860 587 εἴωθε

135 640 153 672 5
178 629 373 689 ποιεῖν,
405 620 667 690 ἀπήγαγε,
700 620 949 690 φέρουσα
982 617 1042 673 δὲ
1075 618 1263 691 ἑτέρου
1295 630 1457 690 ποιεῖ,
1486 620 1612 693 παρ’
1649 623 1862 695 ὅτῳπερ

177 710 404 777 ἔμελλον
449 710 657 775 μόνους
704 713 955 761 εἴσεσθαι
1001 711 1132 771 τοὺς
1177 706 1315 779 ὑπὲρ
1361 718 1472 762 τῶν
1527 712 1709 779 λόγων
1762 713 1858 778 μό-

99 843 106 848 .
173 802 363 865 χθους.
426 796 454 849 ὃ
489 798 556 865 δὴ
588 797 679 849 καὶ
711 792 818 850 ὧδε
851 799 1022 866 ἔσχεν.
1079 798 1243 862 αὐτός
1272 817 1330 850 τε
1362 799 1466 868 γὰρ
1492 799 1564 861 ὡς
1595 797 1663 852 ἂν
1694 800 1852 868 ὑβρι-

177 884 372 952 σμένος
405 894 522 948 ταῖς
562 885 743 956 ὅρκων
783 885 1046 954 ἀνάγκαις
1088 886 1256 939 οὐδὲν
1299 882 1377 939 ὧν
1422 889 1563 956 ἔφην
1604 886 1799 956 ἠξίουν
1842 886 1853 958 l

85 986 197 1029 ΒΗ
241 978 600 1044 λειτουργεῖν,
639 975 803 1037 ἄλλος
835 973 879 1027 τ’
919 973 989 1027 ἂν
1020 975 1203 1038 οὐδεὶς
1235 974 1482 1028 ἐπέταττε
1522 976 1614 1028 διὰ
1652 977 1712 1028 τὸ
1753 976 1859 1046 οὐχ

108 1085 149 1115 10
175 1060 366 1115 ἑκόντα
413 1061 709 1131 δεδεκέναι,
755 1062 846 1116 καὶ
894 1064 1003 1130 ἅμα
1050 1062 1173 1126 δέος
1216 1060 1303 1132 ἦν,
1357 1065 1430 1132 μὴ
1478 1066 1859 1134 δυσχεραίνων

172 1152 232 1203 τὸ
273 1153 507 1221 φορτίον
545 1151 736 1221 ἕτερόν
772 1171 825 1204 τι
864 1153 1152 1220 βουλεύσω
1190 1153 1326 1223 πρὸς
1370 1154 1469 1206 τὸν
1516 1152 1684 1223 ὅρκον
1722 1153 1855 1206 ἀπο-

171 1240 543 1308 λογησάμενος
582 1233 664 1302 οἷς
700 1243 1242 1311 προσηναγκαζόμην.
1303 1241 1389 1294 21.
1428 1237 1633 1310 ἧνοῦν
1666 1241 1861 1310 ἀτελὴς

171 1325 375 1391 ἐξόδων
414 1347 471 1381 τε
509 1327 599 1381 καὶ
640 1338 941 1399 στρατειῶν
978 1327 1069 1382 καὶ
1110 1328 1357 1398 ἀγώνων,
1398 1328 1483 1398 ἐφ’
1523 1322 1606 1392 οἷς
1645 1333 1856 1400 ἔρχεται

157 1414 339 1486 Ἄρης,
384 1417 474 1470 καὶ
521 1416 892 1488 παρατάξεων,
939 1416 1031 1470 καὶ
1079 1418 1146 1486 δὴ
1193 1418 1297 1471 κάν
1343 1425 1408 1487 τῇ
1455 1419 1663 1488 μεγάλῃ
1713 1419 1855 1488 μάχῃ

105 1526 145 1558 15
169 1505 392 1558 πάντων
453 1492 930 1573 συμπεπτωκότων
983 1507 1072 1559 καὶ
1128 1507 1295 1569 ὅσους
1346 1506 1375 1559 ὁ
1429 1509 1629 1576 χρόνος
1683 1506 1854 1576 ἀφίει,

169 1596 336 1662 μόνος
374 1595 563 1665 πόρρω
603 1613 712 1648 που
752 1597 1067 1664 καθήμενος
1101 1595 1203 1664 ὅ,τι
1235 1595 1462 1658 ἕκαστος
1491 1596 1650 1662 λάβοι
1681 1596 1858 1648 κακὸν

167 1684 375 1750 ἤκουον
427 1687 652 1751 πληγῶν
704 1703 762 1736 τε
817 1685 1145 1753 διεγενόμην
1197 1686 1459 1755 καθαρός,
1511 1684 1641 1746 ὅσας
1692 1682 1854 1754 ὀργαὶ

167 1778 427 1824 ποιοῦσιν
467 1770 588 1835 ἐνὸς
625 1773 762 1843 πρὸς
800 1771 914 1841 ἕνα,
954 1773 1021 1825 οὐ
1056 1773 1189 1835 δούς
1219 1790 1367 1841 ποτε,
1400 1773 1467 1825 οὐ
1501 1773 1687 1840 λαβὼν
1718 1769 1852 1826 οὐδὲ

167 1862 436 1928 μελλήσας
479 1859 826 1932 οὐδέτερονΙ.
903 1864 1080 1914 καίτοι
1133 1858 1265 1914 ποτε
1318 1862 1471 1932 Κρὴς
1525 1860 1856 1929 λελουμένος

100 1970 143 2001 20
168 1946 412 2016 ἐντυχών
458 1968 551 2015 μοι
598 1948 934 2021 λουσομένω,
980 1948 1143 2018 μέσος
1191 1949 1253 2003 δὲ
1290 1948 1632 2019 ἐπορευόμην
1670 1951 1852 2019 δυοῖν,

291 2098 315 2136 2
350 2092 373 2137 ὁ
406 2100 585 2147 πρῶτος
615 2101 705 2138 τῶν
737 2097 959 2151 μαθητῶν
986 2096 1030 2139 V
1053 2110 1112 2138 m.
1145 2108 1234 2138 reo.
1325 2098 1379 2137 15
1412 2094 1492 2138 καὶ
1523 2092 1658 2145 ὅσους
1689 2094 1713 2138 ὃ
1744 2094 1854 2152 χρό-

167 2168 248 2202 νος
278 2150 410 2207 ἀφίει
441 2151 545 2207 ἤτοι
577 2151 710 2209 ἀφίει
739 2159 819 2209 τῆς
849 2153 1017 2212 μάχης,
1059 2154 1119 2204 ὡς
1151 2152 1364 2210 δηλονότι
1395 2151 1615 2209 γέροντας
1643 2150 1672 2208 ἢ
1705 2154 1848 2198 ἀσθε-

166 2218 261 2260 νεῖς
287 2212 330 2255 V
454 2216 506 2254 18
547 2212 656 2257 οὐδὲ
689 2211 910 2268 μελλήσας
941 2211 1185 2269 οὐδέτερον
1217 2212 1320 2268 ἤτοι
1352 2212 1460 2256 οὐδὲ
1491 2210 1747 2269 παρολίγον
1779 2213 1848 2256 ἐλ-

166 2269 270 2312 θὼν
304 2271 471 2315 δοῦναι
502 2271 681 2328 πληγὴν
713 2268 742 2326 ἢ
772 2273 930 2329 λαβεῖν
957 2273 1001 2316 V

284 2406 305 2444 1
342 2417 481 2459 supra
511 2403 625 2453 θεὸς
655 2419 714 2446 m.
747 2417 837 2447 rec.
870 2405 926 2461 (s)
957 2403 1070 2461 τύχη
1098 2405 1142 2448 V
1168 2404 1174 2462 Ι
1217 2404 1423 2459 ἐκπρεπῆ
1453 2404 1543 2447 ΡΒ
1619 2403 1848 2459 εὐτρεπῆῖ

165 2459 368 2504 Sintenis
403 2462 409 2518 Ι
455 2462 795 2519 ἐμπεσούμενον
822 2464 906 2507 VB
938 2462 1095 2506 Gasda
1222 2467 1248 2505 6
1289 2461 1504 2506 οἴσεσθαι
1534 2462 1581 2504 Β
1612 2463 1660 2504 et
1690 2462 1739 2505 in
1769 2475 1849 2506 ras

162 2518 227 2562 1²²
258 2521 306 2562 et
330 2519 547 2574 Sintenis,
579 2521 777 2565 fortasse
806 2523 931 2566 recte
1025 2527 1048 2565 7
1082 2520 1205 2565 ὡσάν
1230 2522 1275 2564 Β
1367 2525 1394 2563 8
1426 2520 1564 2564 οὐδὲν
1589 2515 1652 2564 ὧν
1680 2517 1846 2576 ἠξίουν

163 2577 281 2632 ἔφην
312 2578 380 2621 Re
411 2579 551 2622 Anim
687 2585 740 2624 10
779 2580 1034 2625 δεδωκέναι
1066 2582 1110 2625 V
1134 2580 1235 2623 Mor
1356 2584 1408 2622 11
1447 2577 1848 2637 Qoyno‘duevog

171 2637 251 2680 VL
397 2642 449 2680 13
482 2653 593 2681 num
625 2638 734 2689 οὓςῖ
782 2639 832 2682 cf
871 2640 1021 2683 Amm.
1054 2638 1202 2682 XXIV
1233 2642 1274 2691 4,
1308 2643 1382 2740 24ὅ
1508 2642 1563 2682 14
1594 2639 1700 2694 posi>
1730 2637 1850 2695 ἄρης

1384 2710 1494 2745 σους

161 2752 366 2809 quinque
404 2754 499 2797 fere
538 2754 802 2799 litterarum
839 2770 1002 2800 rasum
1038 2755 1089 2798 in
1119 2755 1165 2800 Α
1286 2759 1341 2799 15
1388 2754 1470 2804 οὓς
1509 2756 1552 2799 V
1668 2760 1719 2798 17
1765 2755 1846 2800 δὲῗ

162 2816 215 2855 18
249 2813 303 2857 οὐ
335 2813 464 2871 δούς]
499 2812 637 2864 ὁδούς
658 2814 703 2857 L
824 2819 877 2857 19
910 2813 1130 2871 μελλήσας
1160 2827 1271 2858 corr.
1305 2827 1330 2856 e
1361 2813 1556 2870 μελήσας
1585 2813 1656 2858 Αἵ
1712 2812 1846 2871 μελή-

161 2884 244 2921 σας
275 2873 321 2915 Β
352 2871 462 2954 {err
484 2872 587 2915 Mor
613 2873 619 2930 Ι
645 2873 776 2930 ποτὲ]
807 2872 860 2930 γέ
882 2889 992 2918 ποτε
1022 2873 1133 2916 Fen·
1193 2889 1242 2928 γε
1266 2872 1367 2917 Mor
1458 2877 1514 2916 20
1546 2874 1680 2917 δυοῖν
1705 2885 1846 2929 supra

159 2932 288 2974 δυεῖν
319 2931 362 2974 L
