2026 3168
676 178 903 223 LIBANII
936 175 1277 222 ORATIONES
1716 176 1818 228 121

147 314 490 381 πετάσαντες,
541 314 593 366 οἱ
643 314 704 367 δὲ
741 312 1007 383 Ἀθήναζε
1054 311 1280 386 ᾤχοντο,
1322 310 1441 381 ἐμοὶ
1483 311 1544 365 δὲ
1583 312 1830 380 τοῦνομα

149 402 441 471 ἐλέλειπτο,
495 403 635 455 ὥστε
690 402 993 472 ἐδάκρυσεν
1046 403 1116 455 ἄν
1169 422 1274 470 τις,
1327 398 1467 472 ὑπὲρ
1503 402 1509 471 Ι
1547 401 1769 455 ὁπόσων
1799 413 1841 456 R
1862 416 1917 455 55

148 491 421 560 ὁμιλητῶν
456 492 596 561 πρὸς
634 491 846 560 ὁπόσην
883 493 1044 560 χιόνα
1080 488 1524 559 παραταξόμενος
1563 487 1754 558 ἐξῄειν.

259 579 342 632 77.
382 581 649 648 Περιῄειν
689 576 793 633 οὖν
831 585 1144 633 πενθοῦσιν
1185 577 1399 646 ἐοικώς,
1446 588 1562 641 τοῖς
1599 596 1657 630 τε
1694 595 1831 644 παρ-

146 675 307 722 οῦσιν
346 667 654 737 ἀχθόμενος
692 670 758 721 τά
795 688 853 721 τε
892 668 1103 721 ἀπόντα
1144 672 1359 735 ποθῶν,
1395 668 1489 720 καί
1524 687 1617 735 μοι
1657 666 1832 729 οὕτως
1878 686 1897 718 5

145 755 383 827 ἀκριβῶς
428 757 459 810 ὁ
506 767 617 810 τῶν
666 761 935 810 Βιθυνῶν
985 754 1122 826 ἔρως
1177 754 1367 828 ἐνςόκει
1419 752 1596 824 μηδὲν
1642 754 1832 826 ἕτερον

147 844 452 915 ἐπιτρέπων
505 847 808 915 θαυμάσαι,
865 846 1001 899 ὥστε
1055 844 1243 913 ἐπειδὴ
1297 843 1466 915 θέρος
1519 840 1614 913 ἦν,
1666 840 1834 906 αὖθις

146 933 320 987 ἐκεῖσε
359 933 685 1003 ἑκομιζόμην
723 933 984 1004 ἀφιέντος
1021 934 1123 1001 μὲν
1163 934 1410 1002 οὐδενός,
1451 932 1834 986 ἀπειλούντων

143 1019 209 1074 δὲ
246 1026 488 1091 πολλῶν,
527 1031 862 1093 κρατοῦντος
900 1024 963 1076 δὲ
994 1030 1095 1076 τοῦ
1125 1028 1281 1076 θεοῦ.
1345 1027 1540 1091 λοιμοῦ
1582 1018 1643 1074 δὲ
1675 1020 1834 1075 ἐλαύ-

146 1131 343 1174 νοντος
381 1114 511 1174 τοὺς
549 1111 885 1181 ἀνθρώπους
923 1112 1208 1181 μετασχών
1246 1128 1361 1174 πως
1399 1118 1497 1163 τοῦ
1535 1117 1710 1163 κακοῦ
1742 1111 1831 1162 καὶ
1854 1131 1900 1163 10

148 1199 312 1262 αὐτὸς
339 1199 732 1270 παραινέσεσιν
765 1202 970 1270 ἰατρῶν
1000 1200 1167 1253 πάλιν
1197 1196 1284 1268 ἦν,
1311 1198 1364 1263 ἐξ
1396 1195 1461 1268 ἧς
1492 1198 1834 1268 ἐπεφεύγειν.

148 1288 413 1357 δευτέρου
452 1288 657 1358 θέρους
695 1289 866 1342 ταύτὰ
903 1287 995 1342 καὶ
1035 1287 1281 1357 ἐτόλμων
1322 1286 1414 1341 καὶ
1453 1288 1835 1356 ἠναγκαζόμην

147 1380 311 1445 λιμοῦ
350 1384 662 1445 ποιοῦντος,
703 1378 736 1431 ἃ
775 1380 1050 1448 πρότερον
1088 1377 1119 1430 ὁ
1152 1379 1356 1444 λοιμός.
1418 1376 1509 1429 καὶ
1540 1377 1676 1429 κατὰ
1707 1377 1835 1429 ταύ-

148 1485 249 1533 την
303 1485 365 1534 γε
419 1467 521 1534 τὴν
573 1470 805 1536 πορείαν
858 1465 920 1519 ἐν
967 1467 1220 1536 Λιβύσσῃ
1267 1496 1340 1503 —
1388 1466 1633 1532 σταθμὸς
1686 1465 1748 1518 δὲ
1799 1465 1832 1533 ἡ

153 1556 409 1621 Λίβυσσα
461 1555 617 1626 τάφῳ
674 1574 731 1607 τε
784 1553 875 1608 καὶ
930 1557 1076 1627 λόγῳ
1131 1560 1206 1627 τῷ
1254 1552 1379 1623 περὶ
1429 1561 1527 1607 τοῦ
1578 1553 1833 1628 κειμένου
1858 1574 1902 1607 15

147 1643 526 1711 κοσμούμενος
566 1675 641 1682 --
689 1642 936 1697 ἐνταῦθα
979 1641 1037 1706 ἐξ
1080 1645 1303 1713 αἰθρίας
1341 1662 1398 1696 τε
1445 1642 1708 1711 ἀκριβοῦς
1745 1641 1836 1695 καὶ

149 1730 483 1800 δριμυτάτης
533 1731 754 1795 ἀκτῖνος
807 1731 950 1802 νέφη
1006 1732 1395 1801 συνδραμόντα
1447 1732 1692 1799 σκηπτὸν
1745 1730 1836 1784 καὶ

148 1827 297 1871 ποιεῖ
326 1817 416 1871 καὶ
448 1819 786 1888 ἀποστέλλει,
826 1821 946 1873 κὰδ
986 1818 1054 1873 δὲ
1092 1818 1328 1890 πρόσθ’
1360 1818 1566 1890 ὀρέων
1589 1822 1836 1888 Διομή-

151 1907 297 1969 δεος
334 1903 445 1975 ἧκε
484 1909 749 1977 χαμάζε,
795 1907 886 1961 καὶ
926 1908 1262 1962 ἐπεπόνθειν
1300 1908 1402 1977 μὲν
1441 1909 1510 1976 δὴ
1550 1908 1653 1961 ὅσα
1691 1909 1836 1970 εἰκὸς
1862 1929 1904 1962 19

149 1996 259 2048 ὑπὸ
296 2003 395 2049 τοῦ
430 1997 651 2049 τοιοῦδε
686 2000 692 2062 1
727 1998 916 2067 πυρός.
988 1998 1071 2049 78.
1111 2004 1211 2050 τοῦ
1254 1994 1315 2050 δὲ
1346 1997 1508 2066 χάριν
1540 1995 1774 2065 ἐραστὴν
1804 2009 1846 2052 R
1868 2014 1924 2054 56

152 2087 362 2148 πόλεως
408 2084 743 2154 ἠδικημένον
793 2085 1111 2139 ἀπεκώλυεν
1161 2085 1268 2139 ἀπὸ
1318 2095 1431 2138 τῶν
1480 2086 1751 2138 παιδικῶν
1804 2086 1836 2154 ἡ

272 2280 295 2318 9
329 2289 399 2331 ep.
425 2279 511 2318 495
618 2280 671 2319 14
702 2276 901 2332 Appian.
930 2275 1025 2331 Syr.
1055 2280 1122 2319 11.
1188 2275 1253 2319 Cf.
1288 2274 1532 2320 OSchwab
1564 2275 1684 2320 Berl.
1717 2275 1836 2319 Phil.

151 2334 311 2378 Wooh.
350 2339 461 2378 1896
494 2350 536 2378 n.
565 2339 619 2378 52
745 2339 797 2379 18
830 2334 879 2378 Il.
913 2338 950 2378 θ
977 2338 1060 2378 134

273 2517 296 2554 2
339 2511 452 2555 ἰδών
491 2513 599 2567 post
636 2529 704 2562 τις
743 2512 1038 2555 inserendum
1072 2513 1230 2555 censet
1264 2512 1344 2567 Re,
1386 2515 1436 2556 ab
1467 2512 1522 2556 cf.
1556 2527 1600 2568 p.
1629 2515 1726 2566 130,
1754 2517 1778 2555 6

155 2575 179 2613 6
214 2570 400 2625 ἄκριτος
430 2570 700 2614 MSchmidt
730 2570 895 2614 Philol.
930 2570 971 2613 X
1005 2575 1089 2614 615
1214 2576 1264 2614 11
1303 2570 1406 2627 ἑξῆς
1437 2571 1705 2629 ἐπιφεύγειν
1737 2572 1781 2615 L

157 2633 209 2671 12
243 2628 389 2672 ταύτὰ
421 2629 585 2686 scripsi
608 2631 797 2673 auctore
821 2631 890 2673 Re
913 2629 1053 2672 Anim
1127 2636 1273 2674 ταῦτα
1303 2630 1414 2673 libri
1447 2630 1537 2674 edd
1653 2634 1706 2673 13
1731 2627 1834 2673 κατ’

156 2687 301 2742 αὐτήν
329 2689 371 2732 V
398 2690 463 2743 (et
493 2705 561 2746 γ.ρ
594 2688 730 2732 Patm
761 2689 810 2732 in
830 2690 990 2746 marg)
1052 2689 1170 2732 κατὰ
1201 2688 1284 2745 τὴν
1316 2690 1360 2734 L
1474 2694 1528 2733 14
1559 2683 1618 2746 ἦν
1650 2690 1759 2732 εηὺθ
1791 2688 1839 2733 ἐν

156 2746 319 2789 inserit
351 2706 519 2791 Gasda,
541 2748 547 2805 Ι
589 2748 660 2820 ἐν]
692 2747 776 2804 τὴν
808 2748 857 2792 ἐν
889 2750 932 2792 L
968 2750 973 2803 Ι
1012 2745 1040 2802 ἢ
1073 2749 1116 2791 L
1239 2752 1292 2792 18
1326 2746 1471 2802 ὁρέων
1503 2749 1548 2791 Β
1581 2750 1629 2792 et
1659 2761 1761 2791 oon·
1790 2747 1839 2790 in

155 2803 301 2859 ὀρέων
325 2805 391 2849 L2
514 2811 566 2850 19
599 2810 770 2879 χαμαζε
801 2806 903 2850 Mor
963 2810 1134 2863 χαμᾶζε
1165 2807 1234 2851 Re
1262 2808 1267 2866 Ι
1297 2805 1578 2851 ἐπεπόνθειν
1602 2806 1702 2864 μὲν]
1738 2806 1839 2851 ἐπε-

156 2861 327 2907 πόνθει
359 2864 441 2920 μὲν
473 2866 517 2909 L
579 2863 915 2921 ἐπεπόνθειμεν
939 2866 1008 2923 V!
1037 2864 1094 2921 δὴ
1126 2865 1175 2908 in
1206 2879 1281 2909 ras
1316 2865 1378 2911 0²
1410 2879 1486 2909 om
1516 2866 1606 2910 PB
1618 2867 1700 2910 VL
1730 2865 1840 2908 Fen·

220 2926 276 2965 20
307 2929 388 2966 τοῦ
413 2936 488 2966 om
506 2924 589 2968 VL
617 2925 622 2973 Ι
648 2924 863 2968 τοιούτου
887 2924 989 2967 Mor
1049 2941 1118 2981 γρ.
1143 2926 1326 2968 τοιοῦδε
1355 2924 1405 2967 in
1429 2938 1563 2982 marg
1653 2929 1705 2967 21
1742 2924 1841 2982 [τῆς

159 2979 409 3039 Βιθυνίας]
442 2980 616 3032 πόλεως
646 2982 748 3026 Μο1·
775 2983 780 3041 Ι
807 2981 1100 3039 ἠδικημένων
1124 2984 1168 3027 L
1195 2983 1201 3041 Ι
1236 2984 1527 3028 ἀπεκώλυσεν
1547 2984 1589 3027 V
