2026 3168
728 116 955 161 LIBANH
987 115 1329 160 ORATIONES
1768 116 1870 168 197

185 274 286 307 τον
332 255 588 321 δοθῆναι,
624 251 630 323 Ι
665 254 954 323 κεκρίσθαι
1000 254 1104 322 γὰρ
1148 253 1239 306 καὶ
1278 253 1385 322 πρὸ
1427 253 1780 322 δικαστηρίου
1813 265 1854 308 R
1881 268 1962 307 159

186 351 250 413 τῇ
289 350 388 395 τοῦ
429 343 692 394 δικαστοῦ
733 343 929 411 μωρίᾳ,
961 343 1148 410 μεῖναί
1175 340 1236 394 τέ
1263 360 1329 408 με
1368 344 1505 394 κατὰ
1536 341 1721 410 χώραν
1760 341 1876 393 δια-

187 433 440 500 φυγόντα
480 430 696 500 μακράν
734 450 791 482 τε
831 429 967 483 ὁδὸν
997 428 1088 483 καὶ
1120 430 1363 499 χαλεπὴν
1395 438 1508 482 τῶν
1546 449 1604 482 τε
1635 429 1877 498 ἡδίστων

187 518 308 588 ἐμοὶ
362 520 433 587 μὴ
491 524 830 589 στερηθῆναι
880 519 1199 589 διατριβῶν,
1252 524 1406 572 θεῶν
1460 538 1517 571 τε
1571 516 1739 589 ἔργον
1784 517 1876 571 καὶ

186 606 283 677 ὑφ’
335 602 369 678 ᾗ
415 608 480 660 τὰ
526 609 722 675 πάντα,
778 608 964 677 Τύχης.
1041 607 1163 660 267.
1213 607 1242 660 ὁ
1283 604 1385 676 μὲν
1431 602 1535 660 οὖν
1582 606 1753 660 αὑτὸν
1799 627 1876 660 τι-
1922 626 1941 658 5

187 698 401 766 μωρίαν
425 697 895 767 εἰσπραττόμενος,
920 694 1148 765 ἐννοῶν,
1181 688 1297 758 οἷος
1325 696 1403 758 εἰς
1428 687 1551 749 οἷον
1574 693 1877 763 γεγένηται,

188 784 357 856 ᾤχετο
404 786 655 852 ποιήσων
701 783 922 854 ἑτέρους
966 793 1170 853 κακῶς,
1218 784 1246 838 ὁ
1294 785 1514 856 πλούτῳ
1562 784 1662 851 μὲν
1707 785 1877 838 εἰσελ-

188 874 313 926 θὼν
371 875 449 936 εἰς
508 875 611 942 τὴν
666 873 856 943 ἀρχήν,
919 873 1139 944 ἀπειρίᾳ
1202 873 1262 926 δὲ
1323 873 1706 942 λυμηνάμενος
1761 881 1877 935 ταῖς

187 965 427 1015 πόλεσιν.
497 962 526 1015 ὁ
566 959 626 1014 δὲ
667 962 734 1031 δὴ
782 963 916 1031 μετὰ
962 963 1121 1016 τόνδε
1168 963 1389 1031 χρόνος,
1444 960 1593 1029 τιμαὶ
1647 962 1748 1029 μὲν
1802 962 1878 1024 εἰς

189 1049 298 1119 ἐμέ,
345 1049 494 1117 τιμαὶ
546 1047 607 1103 δὲ
659 1051 736 1114 εἰς
785 1053 999 1119 λόγους.
1076 1049 1166 1103 καὶ
1218 1049 1536 1104 ἐδείκνυντο
1589 1052 1724 1103 κατὰ
1777 1052 1877 1104 τὸν
1901 1070 1942 1104 ιο

188 1140 426 1192 παλαιὸν
464 1141 638 1208 νόμον
676 1147 772 1207 τῆς
811 1139 980 1209 ἀρχῆς
1023 1159 1115 1206 μοι
1156 1139 1452 1208 δεχομένης
1497 1141 1628 1202 τοὺς
1660 1141 1876 1208 λόγους,

190 1228 395 1297 ἀνδρὸς
425 1228 528 1296 μὲν
560 1224 622 1280 εὗ
648 1229 856 1290 εἰδότος
881 1229 1101 1281 δικάσαι
1128 1228 1306 1297 δίκην,
1331 1227 1501 1281 πλέον
1533 1224 1593 1280 δὲ
1616 1230 1877 1299 πρᾳότητι

190 1316 535 1385 δυνηθέντος
572 1316 605 1384 ἢ
647 1315 822 1385 ἕτεροι
862 1315 1061 1385 ξίφεσι,
1100 1318 1390 1379 πείσαντος
1433 1316 1494 1369 δὲ
1533 1315 1665 1386 ἐρᾶν
1706 1317 1876 1370 αὐτοῦ

188 1404 280 1458 καὶ
320 1406 497 1476 ἄνδρα
534 1403 626 1458 καὶ
666 1406 849 1458 οἰκίαν
887 1404 978 1458 καὶ
1025 1407 1190 1458 πόλιν
1236 1404 1326 1458 καὶ
1366 1402 1536 1468 ἔθνος
1579 1405 1783 1474 βουλάς
1821 1425 1878 1458 τε

189 1492 278 1547 καὶ
319 1495 528 1562 δήμους
565 1493 656 1547 καὶ
697 1490 776 1547 ὧν
814 1495 870 1546 αἱ
909 1503 1085 1563 χεῖρες
1123 1493 1247 1564 περὶ
1279 1495 1382 1563 τὴν
1412 1501 1529 1562 γῆν.
1592 1493 1716 1546 268.
1749 1502 1873 1547 τοῦ·
1899 1514 1940 1547 15

189 1603 288 1636 τον
329 1584 396 1651 δὴ
435 1585 535 1637 τὸν
572 1585 778 1653 χρόνον
816 1584 882 1635 τὰ
920 1580 1023 1652 μὲν
1069 1592 1181 1636 τῶν
1227 1584 1510 1636 εἰωθότων
1547 1583 1680 1652 ἡμῖν
1718 1587 1876 1636 πολε-

187 1680 313 1737 μεῖν
350 1671 478 1736 τόξα
514 1668 585 1741 ἦν
623 1671 685 1725 ἐν
723 1672 1035 1740 παττάλοις,
1075 1673 1108 1741 ἡ
1140 1674 1351 1740 κεφαλὴ
1392 1669 1453 1724 δὲ
1487 1673 1722 1741 ἰσχυρῶς
1755 1670 1877 1725 ἐπο-

189 1763 402 1829 λεμεῖτο
427 1767 502 1832 τῷ
520 1765 733 1832 παλαιῷ
752 1767 916 1832 κακῷ.
978 1761 1068 1813 καὶ
1109 1762 1176 1829 δὴ
1209 1759 1299 1814 καὶ
1323 1769 1423 1813 τοῦ
1448 1766 1876 1814 καταπεσεῖσθαι

189 1849 219 1902 ὁ
260 1851 434 1918 φόβος
475 1854 619 1902 οἴκοι
656 1847 891 1919 παρῄνει
929 1848 1117 1916 μένειν
1155 1851 1367 1919 χαίρειν
1399 1851 1620 1903 εἰπόντα
1651 1855 1725 1921 τῷ
1750 1847 1876 1917 περὶ

190 1940 318 2000 τοὺς
371 1936 534 2000 νέους
594 1936 750 2010 ἔργῳ.
829 1937 966 1990 ἀλλὰ
1027 1938 1316 1991 κάνταῦθα
1376 1943 1528 1991 θεῶν
1588 1957 1670 2000 τις
1722 1946 1876 2006 χεῖρα
1900 1958 1943 1991 20

189 2025 455 2097 ὑπερέσχε
489 2025 562 2079 δι’
601 2026 820 2094 ἀγαθοῦ
853 2027 1096 2095 μάντεως
1128 2028 1296 2089 λύσας
1328 2025 1508 2080 ἐλπίδι
1547 2027 1646 2079 τὸν
1678 2028 1876 2095 φόβον·

188 2119 400 2184 μᾶλλον
438 2111 499 2167 δὲ
532 2114 560 2167 ὁ
593 2112 694 2181 μὲν
728 2114 1115 2185 προσέπιπτεν,
1147 2116 1179 2184 ἡ
1212 2112 1273 2167 δὲ
1305 2114 1526 2184 ἐμάχετό
1562 2115 1567 2184 Ι
1602 2134 1659 2167 τε
1692 2114 1780 2167 καὶ
1812 2128 1853 2170 R
1880 2131 1962 2171 160

191 2202 440 2272 ἐπειρᾶτο
482 2211 656 2256 νικᾶν.

303 2292 425 2344 269.
452 2290 670 2362 ’Ἀρχων
708 2291 909 2361 ἔτερος,
951 2292 1104 2361 ὀργή,
1143 2294 1339 2361 θυμός,
1379 2294 1562 2362 δεῐμός
1602 2313 1657 2345 τε
1701 2293 1875 2361 φόβος

310 2423 447 2466 2411.
482 2426 599 2466 237.
633 2427 768 2466 0119

312 2546 333 2583 1
369 2543 575 2612 δοθῆναι
607 2540 771 2597 scripsi
856 2544 1022 2585 δοῦναι
1059 2540 1169 2584 libri
1209 2542 1299 2585 edd
1450 2547 1475 2584 2
1514 2540 1563 2586 τέ
1595 2542 1667 2599 με]
1706 2557 1754 2585 τε
1793 2541 1874 2597 μὲν

192 2600 235 2644 L
319 2605 344 2642 5
376 2602 484 2656 post
515 2593 543 2659 ᾖ
568 2601 615 2643 et
638 2600 792 2644 πάντα
816 2613 978 2643 rasura
1001 2602 1237 2644 ternarum
1261 2601 1524 2645 litterarum
1551 2601 1600 2643 in
1626 2602 1670 2644 A
1697 2602 1703 2657 Ι
1732 2600 1874 2644 αὐτὸν

189 2687 373 2732 APVL
434 2689 557 2732 αὐτῶ
589 2689 635 2731 Β
745 2693 767 2732 7
802 2687 825 2731 ὁ
860 2702 933 2731 om
967 2690 1010 2732 L
1117 2693 1141 2732 9
1175 2687 1199 2732 ὃ
1227 2690 1296 2745 V!
1323 2689 1459 2733 τόνδε
1488 2689 1570 2734 τὸν
1598 2690 1666 2746 V!
1705 2673 1874 2745 2962203

192 2747 238 2790 A
313 2745 536 2821 χρόνον
510 2748 590 2791 VL
633 2747 638 2805 Ι
680 2747 786 2803 τιμὴ
818 2749 861 2791 L
999 2752 1050 2790 11
1084 2765 1140 2805 γρ
1172 2747 1425 2804 δεδομένης
1454 2749 1556 2792 Mor
1587 2748 1635 2791 in
1667 2761 1801 2805 marg

194 2809 246 2847 12
281 2821 362 2861 μεν
386 2802 454 2862 εὖ]
490 2802 539 2849 εὖ
565 2805 647 2862 μὲν
672 2807 715 2850 L
747 2808 812 2862 (et
835 2806 940 2863 Par)
970 2808 975 2861 Ι
1004 2802 1054 2851 εὖ
1087 2821 1162 2850 om
1186 2809 1231 2851 B
1310 2813 1364 2850 13
1391 2806 1542 2862 ἕτερος
1567 2809 1609 2851 L
1688 2811 1741 2849 16
1771 2806 1870 2862 μὲν]

192 2863 303 2918 μετὰ
336 2865 379 2908 L
502 2868 555 2907 18
587 2871 669 2908 τοῦ
700 2865 826 2909 inser
855 2880 915 2908 m.
948 2879 1036 2909 rec
1063 2867 1107 2909 A
1229 2871 1284 2909 22
1316 2866 1363 2923 ἡ]
1399 2865 1422 2910 ὁ
1456 2868 1499 2910 L
1539 2867 1543 2924 Ι
1583 2882 1629 2909 τε
1662 2880 1736 2909 om
1771 2867 1814 2909 B

192 2926 249 2964 24
281 2921 428 2980 φόβος
457 2923 522 2979 τε]
556 2924 635 2967 καὶ
668 2922 815 2981 φόβος
846 2926 889 2968 L
