2026 3168
93 2136 150 2176 36

189 125 296 178 282
729 118 957 169 LIBANII
989 124 1330 170 ORATIONES

187 266 383 314 Desinit
419 265 503 313 fol.
535 267 630 314 2οῩ
658 266 821 314 verbis
859 264 944 315 τὸν
983 259 1090 314 ἴσον
1129 265 1340 329 βεβίωκα
1378 259 1736 332 χρόνονί(2’89,
1757 258 1866 332 17).

187 340 400 401 Reliqua
437 355 552 402 pars
590 340 736 390 huius
774 340 884 387 folii
922 355 1080 388 vacua
1116 341 1290 387 relicta
1331 343 1417 388 est.

337 416 401 461 21
470 413 718 477 Λιβανίου
758 418 995 475 σοφιστοῦ
1026 410 1282 461 ἐπιστολαί.
1347 414 1437 460 Est
1468 413 1690 462 collectio
1715 413 1866 461 Laca-

185 489 398 549 peniana
451 489 554 535 264
607 488 944 549 epistularum.
1020 487 1150 534 Huic
1201 487 1466 535 succedunt
1515 488 1671 535 altera
1717 503 1869 535 manu

187 563 392 623 scripta:

300 636 430 683 128V
467 634 686 699 λιβάνιος
740 634 927 698 ι’ωάννη
982 639 1046 701 τῷ
1094 634 1407 698 χρυσοστόμω
1461 628 1641 701 (rubr.)
1696 632 1752 694 ξε
1791 628 1867 702 (in

184 702 364 775 marg.)
404 708 679 772 Δεξάμενός
719 722 809 757 σου
847 708 933 758 τὸν
971 708 1117 774 λόγον
1158 702 1252 775 (=
1286 725 1359 771 ep.
1396 702 1560 775 1576)

296 783 545 841 Βασίλειος
561 781 795 848 ὑπερεχίω
813 776 868 849 (ἆ
882 783 935 829 in
951 775 1130 849 marg.)
1144 780 1245 830 Καὶ
1261 781 1605 848 προσαγορεύω
1624 775 1722 849 (ep.
1735 775 1865 849 328)

296 871 546 929 Βασίλειος
571 867 793 934 ὅλυμπίω
818 855 882 937 (ᾖ
893 873 946 918 in
962 864 1141 937 marg.)
1153 866 1343 936 ’Ὠσπερ
1367 878 1464 919 τῶν
1487 868 1645 920 ἄλλων
1662 864 1760 937 (ep.
1775 872 1840 919 13

296 945 546 1003 Βασίλειος
572 942 832 1010 ·άβουργίω
866 939 918 1012 (γ
948 946 1000 992 in
1031 937 1209 1011 marg.)
1249 938 1406 1003 Οὗτός
1443 943 1571 993 ἐστιν
1611 938 1708 1012 (ep.
1737 946 1841 993 304

293 1018 554 1085 γρηγόριος
583 1018 858 1083 νικοβούλω
892 1013 947 1085 (ἆ
975 1019 1026 1066 in
1058 1012 1236 1085 marg.)
1276 1017 1340 1068 Τὸ
1371 1018 1652 1077 λακωνίζειν
1684 1012 1782 1086 (ep.
1810 1020 1840 1067 3

295 1096 344 1140 et
380 1094 544 1157 priore
582 1109 733 1140 manu
771 1095 977 1154 scripta:

293 1167 378 1214 fol.
415 1169 518 1215 129
559 1165 881 1234 Πλουτάρχου
916 1174 1020 1225 πῶς
1059 1163 1121 1215 ἄν
1159 1185 1231 1226 τις
1269 1166 1492 1215 αἴσθοιτο
1532 1164 1709 1215 ἑαυτοῦ
1748 1183 1868 1231 προ-

182 1239 447 1299 κόπτοντος
486 1236 560 1289 ἐπ’
601 1238 745 1307 ἄρετῆ

298 1316 400 1363 138
441 1322 545 1373 πῶς
583 1312 645 1363 ἄν
683 1333 755 1373 τις
793 1314 1053 1381 διακρίνειε
1091 1313 1177 1364 τὸν
1215 1314 1398 1364 κόλακα
1437 1321 1523 1363 τοῦ
1563 1314 1711 1377 φίλου

296 1390 427 1436 165ν
464 1395 551 1437 τοῦ
590 1387 744 1437 αὐτοῦ
781 1387 890 1454 περὶ
929 1388 1409 1454 πολυπραγμοσύνης

296 1464 398 1510 173
463 1460 738 1528 ἀριστείδου
784 1461 1119 1528 πανηγυρικὸς
1158 1461 1211 1511 ἕν
1249 1462 1428 1521 κυζίκω
1467 1459 1576 1526 περὶ
1614 1468 1702 1510 τοῦ
1741 1467 1866 1510 ναοῦ

296 1538 399 1584 178
462 1535 782 1602 αὐτοκράτορι
819 1537 1026 1604 καίσαρι,
1052 1536 1219 1602 μάρκω
1257 1534 1474 1601 αύρηλίω
1506 1534 1759 1584 άντωνίνω
1790 1549 1867 1584 σε-

181 1609 342 1674 βαστῶ
396 1608 479 1658 καὶ
533 1609 851 1676 αὐτοκράτορι
903 1610 1098 1676 καίσαρι
1159 1609 1340 1658 λουκίω
1394 1608 1611 1675 αύρηλίω
1669 1609 1866 1673 κομόὸω

180 1683 395 1748 σεβαστῶ
435 1683 591 1742 αἴλιος
629 1682 903 1749 ἀριστείδης
940 1684 1144 1750 χαίρεινε
1185 1678 1233 1750 (I
1276 1685 1378 1732 762
1419 1677 1592 1750 Dind.)

296 1759 399 1806 180
461 1765 548 1807 τοῦ
587 1757 738 1807 αὐτοῦ
777 1758 1049 1807 παλινωδία
1089 1755 1167 1806 ἐπὶ
1206 1757 1400 1823 σμύρνη
1688 1820 1691 1824 s

296 1833 426 1879 182*
462 1832 687 1896 λιβανίου
726 1830 1138 1898 προσφωνητικὸς
1178 1831 1423 1880 ἰουλιανῶ.
1485 1831 1597 1881 Des.
1631 1831 1715 1879 fol.
1745 1832 1864 1879 186.

290 1905 386 1953 Hic
418 1922 612 1968 quoque
644 1906 794 1955 codex
825 1923 850 1954 e
883 1922 1058 1970 genere
1091 1906 1495 1954 scholasticorum
1526 1921 1683 1967 neque
1715 1905 1865 1954 ullius

179 1979 327 2041 pretii
368 1983 454 2028 est.
516 1980 842 2042 Inspexerunt
880 1996 988 2027 mea
1028 1995 1175 2027 causa
1199 1980 1453 2043 Augustus
1484 1979 1602 2027 Mau
1634 1981 1684 2026 et
1714 1979 1863 2042 Hugo

179 2052 357 2114 Linke3
395 2055 501 2115 ipse
541 2069 669 2102 anno
713 2054 851 2102 1895
894 2054 1185 2101 examinavi.

296 2129 379 2174 22.
406 2126 960 2175 Cheltenhamensis
988 2128 1165 2175 10618
1190 2127 1243 2174 in
1268 2127 1625 2188 „Thirlestaine
1650 2123 1865 2187 House“,

184 2200 304 2248 olim
334 2200 738 2263 Phillippsianus,
776 2202 1065 2265 insignitus:
1119 2202 1168 2249 B
1195 2203 1278 2249 48.
1308 2202 1426 2256 556,
1467 2203 1516 2248 et
1553 2200 1605 2257 in
1637 2200 1863 2262 catalogo

177 2274 505 2323 bibliothecae
543 2276 833 2337 inscriptus:
872 2278 1114 2335 Eoecerpta
1152 2290 1208 2323 ex
1237 2275 1471 2335 Sophistis
1499 2275 1688 2335 yraec‘ls
1711 2274 1863 2321 Liba-

178 2350 260 2396 nio
307 2352 386 2396 etc.
434 2349 720 2397 chartaceus
765 2351 818 2396 in
863 2350 984 2397 folio
1031 2348 1121 2396 sub
1166 2348 1314 2396 finem
1351 2347 1495 2395 XVII
1539 2348 1619 2396 vel
1664 2346 1863 2394 initium

180 2422 361 2470 saeculi
399 2421 569 2470 XVIII
608 2425 835 2470 exaratus
875 2438 905 2470 a
943 2422 1249 2470 Leonardo
1289 2422 1498 2469 Adami
1538 2422 1778 2468 continet:

289 2495 372 2543 fol.
418 2498 443 2543 1
502 2496 752 2560 Λιβανίου
804 2499 902 2544 Τοῦ
948 2499 1203 2558 Σοφιστοῦ
1258 2493 1378 2543 κατὰ
1416 2494 1645 2559 Σεβήρου
1698 2492 1859 2558 λόγος·

178 2567 277 2617 Inc.
311 2567 518 2633 Πάρεισι
550 2566 638 2633 μὲν
670 2569 722 2618 οἵ
749 2569 1028 2627 δικάσοντες
1060 2564 1161 2635 (ΙΠ
1194 2571 1367 2631 227,1
1398 2562 1610 2634 R),.des.
1636 2566 1859 2630 κείμενον

179 2639 325 2706 ἐξέχεε
358 2636 604 2710 (111233,
631 2636 686 2709 6)
720 2659 830 2691 cum
861 2644 1082 2692 versione
1121 2643 1278 2691 latina
1309 2643 1360 2689 in
1398 2631 1582 2690 folio*3
1605 2634 1645 2706 1)
1679 2641 1862 2702 scripta

294 2716 323 2763 5
364 2716 614 2780 Λιβανίου
645 2723 732 2765 τοῦ
763 2720 1019 2779 Σοφιστοῦ
1051 2715 1172 2764 κατὰ
1207 2715 1514 2781 Φλωρεντίου
1547 2714 1707 2779 λόγος·
1759 2714 1860 2762 Ino.

182 2932 236 2972 60
300 2872 342 2973 1)
370 2870 555 2973 {flium
589 2876 613 2914 2
648 2873 718 2915 est
748 2885 966 2926 vacuum,
1000 2871 1114 2914 item
1147 2876 1187 2925 4,
1221 2875 1284 2926 δὴ
1319 2874 1446 2925 6-8,
1479 2875 1549 2924 22,
1584 2874 1654 2924 32,
1687 2874 1756 2924 37,
1790 2873 1859 2923 55,

240 2935 261 2953 V
292 2942 316 2971 e
431 2964 439 2972 .
