2026 3168
176 160 283 213 298
719 160 947 205 LIBANH
979 160 1320 206 ORATIONES

288 296 373 349 34.
417 297 607 360 Οὕτως
638 291 766 350 οἶδά
799 311 901 350 σου
937 299 1032 360 τὰς
1067 298 1273 360 πολλὰς
1310 300 1568 368 κεφαλάς,
1608 302 1668 352 αἳ
1693 307 1863 353 πᾶσαι

174 386 340 455 δίκην
377 384 448 438 ἂν
487 386 706 455 ἔδοσαν,
754 387 803 439 εἰ
848 387 921 455 μὴ
963 393 1127 440 τοῦτο
1168 386 1198 440 6
1238 390 1423 457 ληρῶν
1461 382 1624 451 οὗτος
1661 386 1864 441 ἐκώλυ-

175 488 286 527 σεν.
349 474 422 537 ὡς
460 475 564 544 γὰρ
597 474 626 527 6
659 477 836 543 φόβος
866 473 1188 544 ἐνεποίησεν
1219 475 1366 548 αὐτῷ
1389 477 1560 529 νόσον
1591 474 1664 529 δι’
1696 475 1864 547 ἀγρυ-

173 565 337 625 πνίας
374 561 466 615 καὶ
504 559 575 632 ἦν
613 564 801 632 δῆλον,
849 564 921 626 ὡς
969 564 1097 617 οὔτε
1143 565 1339 627 δεδιὼς
1383 565 1744 634 καθευδήσοι,
1788 566 1862 634 μὴ

128 671 150 704 5
175 652 470 705 καθεύδων
509 649 571 704 δὲ
611 651 916 720 ἀπολεῖται,
965 651 1111 721 λέγει
1153 654 1290 723 πρὸς
1327 651 1421 721 ἐμὲ
1458 660 1628 706 ταῦτα
1666 654 1695 708 ὁ
1734 671 1863 725 πρε-

174 741 379 809 σβύτης
428 741 613 811 ἰατρὸς
662 742 752 793 καὶ
803 742 898 809 ὡς,
951 743 999 794 εἰ
1040 743 1115 810 μή
1156 761 1240 805 τις
1288 740 1472 810 σβέσει
1517 742 1618 795 τὸν
1663 745 1862 812 φόβον,

174 825 306 881 οὐδὲ
345 829 511 892 αὐτὸς
550 830 845 897 δυνήσεται
884 831 985 898 τὴν
1024 832 1214 899 νόσον,
1254 829 1495 884 ἐλεεινόν
1526 849 1583 883 τε
1623 832 1863 900 ἔφασκεν

172 911 315 970 εἶναι
353 916 535 984 θέαμα
581 927 817 986 γυναῖκα
863 919 952 971 καὶ
991 920 1199 971 παιδία.
1276 918 1361 971 35.
1400 918 1550 986 κάγὼ
1588 927 1722 973 πᾶσι
1760 920 1863 988 μὲν

172 1007 381 1075 λόγοις,
422 1007 601 1077 ἁπάσῃ
643 1004 704 1060 δὲ
742 1007 903 1078 τέχνῃ
944 1011 1074 1070 τοὺς
1114 1009 1339 1070 δικαίως
1377 1006 1448 1061 ἂν
1486 1007 1864 1076 ἀπολομένους

103 1116 148 1147 -ιο
172 1093 459 1164 ἐξήρπασα.
522 1095 551 1149 6
586 1095 634 1148 δ’
667 1095 997 1165 ἀπαλλαγεὶς
1028 1104 1126 1150 τοῦ
1165 1098 1227 1150 τὸ
1269 1105 1423 1164 σῶμα
1460 1105 1651 1150 νοσεῖν
1682 1096 1862 1151 ἐνόσει

81 1195 227 1239 R222
260 1185 361 1254 τὴν
400 1186 582 1254 ψυχὴν
620 1185 790 1238 πάλιν
820 1186 910 1238 καὶ
949 1186 1051 1254 τὴν
1083 1185 1294 1256 ἀγορὰν
1330 1184 1619 1257 ἐτάραττεν
1654 1190 1660 1252 Ι
1696 1185 1862 1238 οὐδα-

170 1281 277 1342 μοῦ
317 1281 512 1342 στῆναι
550 1274 646 1336 τὰς
686 1272 771 1342 ἐφ’
820 1272 1027 1346 ἑκάστῳ
1065 1275 1222 1341 τιμὰς
1262 1273 1384 1343 ἐῶν,
1425 1275 1602 1343 εἰδώς,
1643 1275 1716 1337 ὡς
1754 1274 1860 1328 ἀπὸ

170 1363 446 1431 νοσούσης
494 1363 585 1415 καὶ
635 1362 802 1431 αὐτῆς
851 1361 943 1416 καὶ
993 1362 1367 1433 φθειρομένης
1417 1361 1616 1431 γένοιτ’
1663 1364 1733 1416 ἄν
1779 1382 1862 1426 τις

170 1451 260 1503 καὶ
321 1451 596 1521 πρόσοδος
651 1452 798 1524 αὐτῷ
847 1471 904 1504 τε
957 1452 1048 1504 καὶ
1101 1458 1176 1521 τῷ
1224 1450 1388 1519 γένει.
1478 1449 1625 1504 τοῦτ’
1687 1451 1860 1505 αὐτὸν

104 1560 147 1592 15
173 1537 346 1592 ἐποίει
395 1548 575 1592 κινεῖν
623 1541 690 1593 τὰ
737 1539 1037 1608 τεταγμένα
1089 1538 1227 1609 [καὶ]
1278 1541 1426 1611 παρὰ
1463 1549 1574 1593 τῶν
1614 1535 1676 1593 εὖ
1721 1559 1859 1611 φρο-

168 1628 423 1681 νούντων
467 1629 559 1682 καὶ
603 1627 1099 1698 νενομοθετημένα.
1184 1628 1271 1681 36.
1319 1628 1348 1682 6
1399 1627 1447 1681 δ’
1502 1630 1704 1691 ἄλλους
1758 1629 1858 1682 οὐκ

169 1715 452 1786 ἐρρῶσθαι
492 1718 588 1780 τὰς
611 1716 834 1787 φρένας
873 1716 1050 1785 λέγων
1089 1718 1271 1786 αὐτός,
1311 1717 1414 1770 οὐκ
1452 1718 1531 1770 ὢν
1561 1716 1757 1788 γέρων,
1796 1716 1859 1771 ἐν

167 1806 308 1876 μάχῃ
359 1814 424 1876 τῇ
473 1806 610 1876 πρὸς
660 1805 830 1859 αὑτὸν
881 1809 987 1870 ζῶν
1037 1806 1139 1859 οὐκ
1190 1802 1322 1858 οἶδε.
1400 1804 1548 1873 ξίφει
1595 1805 1696 1874 μὲν
1750 1806 1854 1877 γὰρ

166 1896 297 1957 τοὺς
336 1894 460 1958 ἄξια
497 1894 749 1947 θανάτου
790 1895 1122 1965 δεδρακότας
1170 1894 1235 1947 οὐ
1274 1894 1658 1963 παραδίδωσιν
1697 1894 1857 1947 εὐλα-

99 2004 144 2036 20
166 1983 269 2051 βὴς
307 1978 449 2035 εἶναι
488 1982 666 2050 λέγων
702 1983 794 2035 καὶ
831 1983 967 2053 πρὸς
997 1984 1127 2045 τοὺς
1157 1983 1446 2045 τοιούτους
1485 1981 1720 2053 ὀκνηρὸς
1749 1988 1855 2035 θα-

167 2071 391 2138 νάτους,
439 2071 662 2139 μάστιγι
709 2068 770 2124 δὲ
815 2070 980 2124 ταύτὸ
1027 2079 1205 2124 ποιῶν
1250 2071 1353 2124 οὐκ
1399 2075 1571 2123 οἰέται
1619 2071 1777 2140 δρᾶν,
1824 2072 1854 2125 ὅ

167 2173 303 2228 φησι
344 2160 589 2228 φεύγειν.
666 2159 752 2211 37.
801 2158 861 2222 ὃς
910 2157 1000 2212 καὶ
1047 2159 1181 2228 χθὲς
1218 2162 1443 2228 πληγῶν
1483 2154 1630 2222 εἶδος
1676 2161 1856 2213 πολὺν

285 2442 310 2479 2
344 2433 497 2495 οὗτος]
532 2437 617 2495 ἐγὼ
642 2437 775 2494 Bong
801 2439 807 2494 1
838 2437 1031 2481 ἐκώλυσε
1055 2438 1090 2480 Ι
1205 2441 1230 2480 3
1263 2435 1409 2493 φόνος
1433 2437 1478 2481 V
1499 2436 1581 2480 sed
1612 2454 1638 2481 ν
1670 2449 1853 2480 erasum

225 2502 253 2538 4
284 2496 570 2552 καθευδήσει
601 2496 706 2540 coni
728 2497 811 2551 Re,
842 2498 981 2550 recte,
1013 2498 1067 2539 ut
1090 2495 1273 2539 videtur
1379 2501 1404 2539 5
1430 2492 1576 2539 ταῦθ’
1592 2496 1702 2538 ΒΜ
1718 2495 1853 2552 Bong

227 2560 251 2598 6
278 2554 414 2613 σβέση
440 2556 551 2600 ΒΜ
570 2555 703 2611 Bong
816 2559 841 2597 9
874 2554 1052 2614 ἁπάσῃ]
1085 2554 1210 2611 πάση
1245 2556 1315 2622 VJ
1343 2552 1657 2611 ἀπολομένους
1687 2554 1853 2610 scripsi

166 2628 222 2658 ex
246 2614 424 2660 AVUI
447 2616 494 2657 et
517 2616 562 2658 P
589 2614 638 2656 in
671 2628 761 2669 quo
794 2616 951 2658 tamen
983 2630 1007 2657 ο
1041 2613 1241 2657 alterum
1270 2613 1321 2656 in
1350 2627 1426 2656 ras
1457 2611 1806 2670 ωΝάπολουμ
1808 2612 1851 2658 έ-

165 2689 277 2723 νους
308 2673 538 2718 OBMMO
571 2673 661 2716 edd
794 2677 848 2716 10
880 2673 1053 2730 νοσεῖν]
1088 2678 1200 2728 νοσῆ
1234 2674 1318 2716 Mo
1451 2676 1504 2714 13
1537 2672 1616 2715 καὶ
1649 2672 1850 2715 alterum

166 2746 242 2775 om
273 2733 301 2776 1
341 2734 347 2789 Ι
390 2730 707 2788 φθειρομένης
753 2732 939 2788 scripsi
985 2733 1039 2774 ut
1085 2730 1454 2787 suprascriptum
1499 2732 1570 2774 es’o
1599 2731 1670 2774 m⁵
1709 2745 1851 2788 supra.

166 2789 424 2847 φερομένης
453 2790 503 2833 in
526 2792 572 2834 P
646 2790 904 2847 φερομένης
937 2790 1048 2834 libri
1079 2791 1171 2833 edd
1304 2795 1359 2833 14
1391 2796 1526 2833 τοῦτο
1557 2791 1699 2834 ΙΒΜ
1717 2790 1852 2863 Bong

228 2854 281 2892 15
312 2850 394 2894 καὶ
425 2848 680 2893 cancellavi
825 2854 878 2893 16
911 2850 992 2893 καὶ
1022 2849 1188 2905 scripsi
1262 2847 1321 2892 τὰ
1350 2847 1461 2891 libri
1487 2849 1577 2892 edd
1606 2853 1610 2903 Ι
1640 2846 1743 2892 οὐδ’
1763 2850 1799 2892 Ι

169 2912 222 2951 18
248 2907 415 2953 ἑαυτὸν
434 2909 479 2952 Ρ
498 2910 546 2952 et
567 2923 627 2951 m.
654 2910 748 2952 ant.
775 2921 830 2950 ex
854 2908 997 2952 ἀυτὸν
1023 2909 1184 2951 eorrA
1238 2907 1381 2951 αὐτὸν
1404 2907 1519 2951 ΙΜο
1642 2912 1694 2951 19
1721 2908 1849 2952 εὐλα-

165 2968 261 3024 βεῖς
292 2969 326 3010 Ι
469 2973 521 3010 21
557 2967 669 3011 αὐτὸ
703 2967 787 3011 Mo
938 2971 992 3009 22
1025 2967 1086 3017 ὡς
1119 2969 1202 3010 BIO
