2026 3168
177 159 248 212 84
717 158 945 202 LIBANII
977 158 1245 203 ORATION
1247 158 1316 202 Es

288 295 334 347 8.
385 295 568 347 Πάλιν
606 295 800 346 τοίνυν
838 295 899 347 τὸ
939 290 1042 362 μὲν
1080 292 1206 363 παρ’
1245 295 1420 365 ἄνδρα
1465 293 1856 363 πεφοιτηκέναι

175 386 359 452 λόγων
395 371 702 452 προχέοντα
739 382 938 444 κάλλος
976 382 1304 449 εὐδαίμονος
1349 390 1640 452 φοιτητοῦ,
1685 384 1746 436 τὸ
1794 383 1857 437 δὲ

175 473 247 541 μὴ
279 472 487 525 ὁπόσον
519 469 690 538 ἄξιον,
731 468 847 523 ἀλλ’
881 470 1042 523 ὁπότε
1079 470 1182 539 μὲν
1220 470 1598 540 ἀφωσιούμην,
1638 479 1856 540 φοιτᾶν,

174 568 465 621 κινοῦντος
505 555 566 611 δὲ
604 560 707 627 ἤδη
748 559 885 628 πρὸς
918 561 1188 627 μαθήσεις
1219 561 1419 628 ἔρωτος
1451 560 1551 612 οὐκ
1584 562 1728 629 ἔχειν
1758 561 1858 612 τὸν

132 670 151 703 5
175 648 564 717 μεταδώσοντα
600 647 826 718 θανάτῳ
869 646 1203 715 σβεσθέντος
1240 655 1341 700 τοῦ
1381 648 1661 718 ῥεύματος,
1701 647 1856 701 τουτὶ

177 732 239 788 δὲ
278 736 498 789 ἀθλίου.
558 742 757 789 ποθῶν
794 733 895 805 μὲν
933 738 1128 789 τοίνυν
1165 737 1265 789 τὸν
1303 735 1477 789 οὐκέτ’
1523 739 1680 806 ὄντα,
1719 738 1857 807 χρώ-

175 843 343 892 μενος
374 822 436 877 δὲ
465 833 581 887 τοῖς
611 821 789 893 οὖσιν,
829 825 1078 887 εἰδώλοις
1110 824 1175 892 γε’
1201 838 1312 877 τισι
1344 834 1639 894 σοφιστῶν,
1674 827 1855 894 ὥσπερ

177 914 231 966 οἱ
270 921 385 975 τοῖς
434 912 493 965 ἐκ
539 918 756 983 κριθῶν
806 913 991 983 ἄρτοις
1041 913 1242 984 ἀπορίᾳ
1291 932 1353 981 γε
1405 920 1505 966 τοῦ
1560 916 1856 983 βελτίονος,

177 1001 364 1070 ἐπειδὴ
412 1003 620 1070 ἤνυτον
668 1001 852 1071 οὐδέν,
907 1001 1024 1055 ἀλλ’
1062 998 1133 1070 ἦν
1178 1003 1439 1064 κίνδυνος
1488 1002 1718 1072 ἡγεμόσι
1765 1022 1856 1055 τυ-

111 1115 154 1146 10
178 1095 342 1160 φλοῖς
397 1089 669 1160 ἑπόμενον
720 1092 796 1153 εἰς
849 1092 1140 1162 βάραθρον
1194 1091 1436 1160 ἀμαθίας
1487 1099 1691 1159 πεσεῖν,
1743 1099 1860 1154 τοῖς

90 1193 176 1237 R9
210 1179 312 1248 μὲν
351 1182 561 1249 χαίρειν
606 1178 612 1251 Ι
664 1176 834 1248 εἷπον,
882 1181 1096 1242 παύσας
1135 1180 1196 1233 δὲ
1241 1181 1342 1248 τὴν
1386 1177 1487 1248 μὲν
1533 1181 1715 1249 ψυχὴν
1758 1187 1859 1232 τοῦ

176 1270 397 1336 τίκτειν,
436 1269 537 1337 τὴν
577 1269 637 1321 δὲ
675 1272 923 1336 γλῶτταν
961 1276 1060 1321 τοῦ
1101 1267 1297 1337 λέγειν,
1335 1269 1437 1337 τὴν
1475 1266 1536 1321 δὲ
1575 1277 1729 1337 χεῖρα
1758 1276 1858 1322 τοῦ

177 1356 416 1425 γράφειν
469 1357 530 1409 ἓν
584 1358 764 1426 ἔδρων
814 1359 1013 1426 μόνον,
1073 1360 1255 1426 μνήμῃ
1313 1358 1380 1409 τὰ
1439 1366 1551 1410 τῶν
1611 1360 1861 1410 παλαιῶν

177 1444 426 1515 ἐκτώμην
464 1445 652 1498 συνὼν
691 1443 854 1515 ἀνδρὶ
893 1445 1355 1517 μνημονικωτάτῳ
1394 1464 1451 1497 τε
1488 1444 1579 1498 καὶ
1620 1446 1717 1517 οἵῳ
1748 1455 1860 1498 τῶν

111 1556 152 1589 15
175 1532 301 1604 παρ’
357 1532 589 1596 ἐκείνοις
642 1538 826 1586 καλῶν
880 1533 1171 1603 ἐμπείρους
1226 1533 1628 1603 ἀπεργάζεσθαι
1683 1533 1859 1596 νέους.

176 1620 269 1675 καὶ
309 1622 453 1674 οὕτω
494 1623 562 1691 δή
601 1642 653 1674 τι
692 1622 838 1694 αὐτῷ
871 1623 1236 1693 προσεκείμην
1275 1621 1535 1691 ἀκριβῶς,
1575 1620 1700 1674 ὥστ’
1732 1621 1849 1675 οὐδ’

180 1710 660 1780 ἀπαλλαττομένου
700 1720 810 1763 τῶν
842 1709 985 1763 νέων
1016 1710 1449 1779 ἀπηλλαττόμην,
1489 1710 1627 1763 ἀλλὰ
1657 1709 1747 1762 καὶ
1779 1709 1849 1762 δι’

178 1799 399 1869 ἀγορᾶς,
439 1798 499 1852 ἐν
537 1807 723 1869 χεροῖν
761 1818 818 1851 τε
857 1798 889 1867 ἡ
930 1800 1133 1867 βίβλος.
1195 1797 1285 1851 καὶ
1324 1797 1436 1851 ἔδει
1471 1819 1524 1851 τι
1555 1801 1654 1854 τὸν
1685 1800 1861 1869 ἄνδρα

177 1888 268 1940 καὶ
317 1889 454 1957 πρὸς
505 1887 749 1956 ἀνάγκην
795 1886 992 1955 λέγειν,
1043 1886 1113 1954 ἣν
1161 1886 1220 1940 ἐν
1267 1894 1341 1959 τῷ
1386 1896 1711 1958 παραχρῆμα
1759 1887 1861 1956 μὲν

113 1999 155 2031 20
180 1977 347 2044 δῆλος
383 1972 454 2043 ἦν
492 1977 888 2045 δυσχεραίνων,
927 1977 1148 2045 χρόνοις
1189 1973 1250 2028 δὲ
1289 1974 1349 2028 ἐν
1379 1975 1629 2045 ὑστέροις
1659 1973 1859 2045 ἐπῄνει.

179 2065 227 2117 9.
281 2063 442 2118 πέντε
489 2071 659 2117 ταῦτα
704 2062 796 2132 ἔτη
843 2059 914 2131 ἦν
960 2063 1167 2132 ἁπάσης
1207 2084 1301 2130 μοι
1339 2071 1435 2132 τῆς
1473 2072 1649 2133 ψυχῆς
1687 2062 1859 2117 ἐκεῖσε

300 2199 325 2237 5
358 2209 420 2238 01.
453 2194 517 2238 IV
546 2210 591 2250 p.
618 2199 718 2249 210,
746 2199 798 2237 12
824 2195 865 2237 R

301 2316 353 2355 18
387 2313 466 2355 καὶ
497 2311 675 2369 ἀνάγκη
709 2306 767 2367 ἦν
809 2313 852 2355 V

301 2435 322 2472 1
348 2430 399 2473 τὸ
425 2429 507 2485 μὲν
533 2456 588 2460 -
615 2434 669 2472 14
695 2429 901 2485 ἐκτώμην
929 2430 1045 2473 citat
1068 2429 1183 2472 Plan
1207 2429 1273 2473 fol
1298 2434 1351 2471 21
1394 2432 1399 2485 Ι
1440 2428 1569 2483 παρὰ
1596 2429 1719 2472 ΟΡΒ
1742 2429 1858 2472 Plan

240 2494 266 2530 2
298 2488 348 2530 in
380 2495 602 2544 φοιτητοῦ
633 2488 828 2531 ultimae
859 2488 1044 2532 litterae
1077 2494 1131 2531 οῦ
1163 2488 1213 2530 in
1232 2487 1386 2532 Viam
1410 2500 1501 2530 non
1534 2490 1802 2542 comparent

182 2551 207 2590 3
241 2544 340 2590 ἀλλ’
361 2573 418 2579 -
443 2553 612 2602 φοιτᾶν
637 2561 711 2590 om
735 2546 852 2589 Plan
881 2550 886 2603 Ι
915 2547 1207 2602 ἀφοσιούμην
1234 2548 1278 2590 Β
1303 2546 1404 2590 Mor
1493 2550 1520 2588 4
1544 2553 1784 2597 κινοῦντος
1808 2547 1858 2590 δὲ

181 2604 294 2662 ἤδη]
328 2605 406 2648 καὶ
431 2612 673 2656 κινοῦντος
695 2605 813 2648 Plan
840 2608 845 2662 Ι
874 2606 976 2663 οὐκ]
1012 2605 1071 2661 μὴ
1096 2605 1212 2648 Plan
1296 2609 1322 2648 8
1348 2602 1580 2659 ἐκκριᾶῶν
1605 2605 1650 2647 Β
1678 2607 1683 2661 Ι
1710 2621 1760 2662 γε
1786 2619 1859 2648 om

181 2665 226 2707 L
311 2668 336 2706 9
362 2664 461 2707 ἐπεὶ
484 2663 541 2719 δὴ
567 2664 642 2719 (δὴ
667 2677 780 2707 corr.
805 2664 854 2706 in
880 2665 930 2708 δὲ
954 2679 1013 2707 m.
1031 2677 1120 2707 rec.
1141 2665 1209 2720 (S.)
1235 2664 1316 2706 scd
1339 2663 1507 2706 iterum
1533 2663 1589 2719 δὴ
1615 2667 1859 2722 suprascr.)

185 2722 223 2766 Ο
301 2722 401 2766 ἐπεὶ
424 2722 474 2766 δὲ
492 2721 597 2765 Vat.
624 2727 708 2765 939
734 2722 850 2765 Plan
875 2723 965 2766 edd
1079 2726 1131 2765 11
1158 2722 1299 2766 εἰπὼν
1323 2722 1438 2764 Plan
1547 2727 1599 2764 13
1633 2722 1681 2766 ἓν
1714 2723 1861 2779 ἔδρων

181 2795 258 2824 om
274 2780 390 2823 Plan
417 2782 422 2837 Ι
450 2779 566 2837 μόνη
593 2779 742 2836 μνήμη
767 2781 882 2824 Plan
968 2784 1022 2824 15
1046 2781 1154 2831 τοὺς
1176 2779 1310 2830 νέους
1331 2781 1432 2823 Mor
1516 2785 1569 2823 16
1595 2780 1706 2826 ὥστε
1730 2783 1818 2826 PL
1852 2782 1857 2841 Ι

182 2839 291 2883 οὐδὲ
323 2839 367 2882 L
499 2843 551 2882 17
591 2836 680 2897 δι’]
714 2837 787 2883 ἐπ’
818 2839 973 2883 Gasda
1109 2844 1162 2882 18
1202 2854 1311 2882 num
1343 2841 1448 2895 post
1479 2840 1651 2895 ἀγορᾶς
1682 2840 1861 2897 aliquid

183 2895 346 2957 (ᾔεινὶὶ)
378 2897 578 2941 excidit?
694 2902 747 2940 19
780 2897 862 2953 μὲν
896 2911 971 2940 om
1001 2898 1047 2941 Β
1159 2903 1213 2940 21
1246 2896 1380 2942 πέντε
1406 2925 1460 2929 -
1487 2903 1555 2951 85,
1577 2904 1629 2942 15
1662 2899 1861 2956 ἄρρητον

183 2957 299 3000 citat
329 2956 444 2999 Plan
475 2956 542 3000 fol
573 2961 626 2999 21
657 2959 662 3013 1
698 2956 880 3012 ἁπάσης
903 2983 958 2988 —
982 2956 1288 3013 τετραμμένης
1319 2972 1392 3000 om
1423 2957 1538 3000 Plan
