<?xml version="1.0" encoding="UTF-8"?>
<!DOCTYPE html PUBLIC "-//W3C//DTD XHTML 1.0 Transitional//EN"
    "http://www.w3.org/TR/xhtml1/DTD/xhtml1-transitional.dtd">
<html xmlns="http://www.w3.org/1999/xhtml" xml:lang="en" lang="en">
 <head>
  <title>
</title>
<meta http-equiv="Content-Type" content="text/html;charset=utf-8" />
  <meta name='ocr-system' content='tesseract 3.04.00' />
  <meta name='ocr-capabilities' content='ocr_page ocr_carea ocr_par ocr_line ocrx_word'/>
</head>
<body>
  <div class='ocr_page' id='page_1' title='image "./operarecensuitri01libauoft_0254.png"; bbox 0 0 2026 3168; ppageno 0'>
   <div class='ocr_carea' id='block_1_1' title="bbox 99 156 1245 209">
    <p class='ocr_par' dir='ltr' id='par_1_1' title="bbox 99 156 1245 209">
     <span class='ocr_line' id='line_1_1' title="bbox 99 156 1245 209; baseline 0.001 -8"><span class='ocrx_word' id='word_1_1' title='bbox 99 156 206 209; x_wconf 78' lang='lat'>238</span> <span class='ocrx_word' id='word_1_2' title='bbox 644 157 873 201; x_wconf 91' lang='lat' dir='ltr'>LIBANII</span> <span class='ocrx_word' id='word_1_3' title='bbox 904 157 1245 202; x_wconf 84' lang='lat' dir='ltr'>ORATIONES</span> 
     </span>
    </p>
   </div>
   <div class='ocr_carea' id='block_1_2' title="bbox 46 297 1786 2854">
    <p class='ocr_par' dir='ltr' id='par_1_2' title="bbox 46 297 1786 1394">
     <span class='ocr_line' id='line_1_2' title="bbox 208 297 1783 362; baseline 0.001 -18"><span class='ocrx_word' id='word_1_4' title='bbox 208 297 287 344; x_wconf 92' lang='lat' dir='ltr'>Ad</span> <span class='ocrx_word' id='word_1_5' title='bbox 327 297 666 362; x_wconf 80' lang='lat' dir='ltr'>apographum</span> <span class='ocrx_word' id='word_1_6' title='bbox 705 300 871 346; x_wconf 88' lang='lat' dir='ltr'>autem</span> <span class='ocrx_word' id='word_1_7' title='bbox 902 299 929 346; x_wconf 84' lang='lat' dir='ltr'>b</span> <span class='ocrx_word' id='word_1_8' title='bbox 960 298 1319 346; x_wconf 90' lang='lat' dir='ltr'>restituendum</span> <span class='ocrx_word' id='word_1_9' title='bbox 1351 298 1603 347; x_wconf 85' lang='lat' dir='ltr'>sufficiunt</span> <span class='ocrx_word' id='word_1_10' title='bbox 1633 299 1783 348; x_wconf 85' lang='lat' dir='ltr'><strong>codex</strong></span> 
     </span>
     <span class='ocr_line' id='line_1_3' title="bbox 96 370 1784 435; baseline 0.001 -16"><span class='ocrx_word' id='word_1_11' title='bbox 96 370 441 432; x_wconf 82' lang='lat' dir='ltr'>Ohisianus,</span> <span class='ocrx_word' id='word_1_12' title='bbox 509 371 926 434; x_wconf 73' lang='lat' dir='ltr'><strong>Augustanus,</strong></span> <span class='ocrx_word' id='word_1_13' title='bbox 994 371 1335 434; x_wconf 87' lang='lat' dir='ltr'>Palatinus,</span> <span class='ocrx_word' id='word_1_14' title='bbox 1395 372 1784 435; x_wconf 86' lang='lat' dir='ltr'>Barberinus,</span> 
     </span>
     <span class='ocr_line' id='line_1_4' title="bbox 94 445 1786 509; baseline 0.001 -17"><span class='ocrx_word' id='word_1_15' title='bbox 94 445 432 494; x_wconf 89' lang='lat' dir='ltr'>Marcianus</span> <span class='ocrx_word' id='word_1_16' title='bbox 488 446 618 506; x_wconf 78' lang='lat'>4373</span> <span class='ocrx_word' id='word_1_17' title='bbox 671 447 792 492; x_wconf 90' lang='lat' dir='ltr'>item</span> <span class='ocrx_word' id='word_1_18' title='bbox 847 446 908 492; x_wconf 91' lang='lat' dir='ltr'>ad</span> <span class='ocrx_word' id='word_1_19' title='bbox 962 461 986 494; x_wconf 87' lang='lat' dir='ltr'>c</span> <span class='ocrx_word' id='word_1_20' title='bbox 1039 445 1229 493; x_wconf 88' lang='lat' dir='ltr'>codices</span> <span class='ocrx_word' id='word_1_21' title='bbox 1277 446 1786 509; x_wconf 90' lang='lat' dir='ltr'>Vindobonensis,</span> 
     </span>
     <span class='ocr_line' id='line_1_5' title="bbox 46 518 1782 584; baseline 0.001 -18"><span class='ocrx_word' id='word_1_22' title='bbox 46 563 48 566; x_wconf 78' lang='grc'>,</span> <span class='ocrx_word' id='word_1_23' title='bbox 94 518 352 567; x_wconf 81' lang='lat' dir='ltr'>Urbinas</span> <span class='ocrx_word' id='word_1_24' title='bbox 393 536 462 582; x_wconf 86' lang='lat' dir='ltr'>gr.</span> <span class='ocrx_word' id='word_1_25' title='bbox 507 521 627 580; x_wconf 89' lang='lat'>126,</span> <span class='ocrx_word' id='word_1_26' title='bbox 673 519 1012 567; x_wconf 88' lang='lat' dir='ltr'>Marcianus</span> <span class='ocrx_word' id='word_1_27' title='bbox 1051 518 1162 567; x_wconf 82' lang='lat' dir='ltr'>XCI</span> <span class='ocrx_word' id='word_1_28' title='bbox 1203 521 1258 580; x_wconf 92' lang='lat'>2,</span> <span class='ocrx_word' id='word_1_29' title='bbox 1297 520 1671 568; x_wconf 80' lang='lat' dir='ltr'>Monacensis</span> <span class='ocrx_word' id='word_1_30' title='bbox 1711 537 1782 584; x_wconf 84' lang='lat' dir='ltr'>gr.</span> 
     </span>
     <span class='ocr_line' id='line_1_6' title="bbox 99 592 1781 655; baseline 0.002 -15"><span class='ocrx_word' id='word_1_31' title='bbox 99 594 218 640; x_wconf 90' lang='grc'><strong>101.</strong></span> <span class='ocrx_word' id='word_1_32' title='bbox 309 592 488 641; x_wconf 85' lang='lat' dir='ltr'>Aetate</span> <span class='ocrx_word' id='word_1_33' title='bbox 540 607 656 640; x_wconf 87' lang='lat' dir='ltr'>sane</span> <span class='ocrx_word' id='word_1_34' title='bbox 706 593 924 654; x_wconf 88' lang='lat' dir='ltr'>reliquos</span> <span class='ocrx_word' id='word_1_35' title='bbox 980 593 1065 655; x_wconf 92' lang='lat' dir='ltr'>qui</span> <span class='ocrx_word' id='word_1_36' title='bbox 1119 609 1145 640; x_wconf 93' lang='lat' dir='ltr'>e</span> <span class='ocrx_word' id='word_1_37' title='bbox 1197 609 1234 641; x_wconf 72' lang='lat' dir='ltr'>n</span> <span class='ocrx_word' id='word_1_38' title='bbox 1285 593 1533 641; x_wconf 86' lang='lat' dir='ltr'>fluxerunt</span> <span class='ocrx_word' id='word_1_39' title='bbox 1593 594 1781 643; x_wconf 88' lang='lat' dir='ltr'>codices</span> 
     </span>
     <span class='ocr_line' id='line_1_7' title="bbox 96 666 1782 729; baseline 0.001 -14"><span class='ocrx_word' id='word_1_40' title='bbox 96 668 296 729; x_wconf 87' lang='lat' dir='ltr'>superat</span> <span class='ocrx_word' id='word_1_41' title='bbox 335 666 696 715; x_wconf 79' lang='lat' dir='ltr'>Laurentianus</span> <span class='ocrx_word' id='word_1_42' title='bbox 743 667 885 715; x_wconf 91' lang='lat' dir='ltr'><strong>LVII</strong></span> <span class='ocrx_word' id='word_1_43' title='bbox 932 668 1015 715; x_wconf 91' lang='lat'>44.</span> <span class='ocrx_word' id='word_1_44' title='bbox 1111 666 1206 715; x_wconf 84' lang='lat' dir='ltr'>Sed</span> <span class='ocrx_word' id='word_1_45' title='bbox 1259 668 1494 729; x_wconf 84' lang='lat' dir='ltr'>quoniam</span> <span class='ocrx_word' id='word_1_46' title='bbox 1545 670 1651 716; x_wconf 90' lang='lat' dir='ltr'>tam</span> <span class='ocrx_word' id='word_1_47' title='bbox 1696 685 1782 715; x_wconf 94' lang='lat' dir='ltr'>ne-</span> 
     </span>
     <span class='ocr_line' id='line_1_8' title="bbox 94 739 1782 805; baseline 0.001 -18"><span class='ocrx_word' id='word_1_48' title='bbox 94 741 349 805; x_wconf 85' lang='lat' dir='ltr'>glegenter</span> <span class='ocrx_word' id='word_1_49' title='bbox 388 742 438 788; x_wconf 93' lang='lat' dir='ltr'>et</span> <span class='ocrx_word' id='word_1_50' title='bbox 474 739 649 788; x_wconf 88' lang='lat' dir='ltr'>inscite</span> <span class='ocrx_word' id='word_1_51' title='bbox 690 740 961 803; x_wconf 90' lang='lat' dir='ltr'>descriptus</span> <span class='ocrx_word' id='word_1_52' title='bbox 1002 743 1098 801; x_wconf 89' lang='lat' dir='ltr'>est,</span> <span class='ocrx_word' id='word_1_53' title='bbox 1143 743 1201 789; x_wconf 90' lang='lat' dir='ltr'>ut</span> <span class='ocrx_word' id='word_1_54' title='bbox 1238 741 1292 788; x_wconf 89' lang='lat' dir='ltr'>in</span> <span class='ocrx_word' id='word_1_55' title='bbox 1338 757 1634 804; x_wconf 83' lang='lat' dir='ltr'>unaquaque</span> <span class='ocrx_word' id='word_1_56' title='bbox 1681 743 1782 790; x_wconf 88' lang='lat' dir='ltr'>fere</span> 
     </span>
     <span class='ocr_line' id='line_1_9' title="bbox 93 813 1782 877; baseline 0.001 -15"><span class='ocrx_word' id='word_1_57' title='bbox 93 830 211 862; x_wconf 86' lang='lat' dir='ltr'>voce</span> <span class='ocrx_word' id='word_1_58' title='bbox 251 813 315 862; x_wconf 90' lang='lat' dir='ltr'>sit</span> <span class='ocrx_word' id='word_1_59' title='bbox 352 816 633 876; x_wconf 86' lang='lat' dir='ltr'>peccatum,</span> <span class='ocrx_word' id='word_1_60' title='bbox 674 830 973 876; x_wconf 88' lang='lat' dir='ltr'>quamquam</span> <span class='ocrx_word' id='word_1_61' title='bbox 1011 816 1175 863; x_wconf 91' lang='lat' dir='ltr'>totum</span> <span class='ocrx_word' id='word_1_62' title='bbox 1214 815 1450 863; x_wconf 87' lang='lat' dir='ltr'>collatum</span> <span class='ocrx_word' id='word_1_63' title='bbox 1488 815 1667 877; x_wconf 88' lang='lat' dir='ltr'>habeo,</span> <span class='ocrx_word' id='word_1_64' title='bbox 1705 817 1782 864; x_wconf 84' lang='lat' dir='ltr'>ta-</span> 
     </span>
     <span class='ocr_line' id='line_1_10' title="bbox 92 888 1781 950; baseline 0.001 -15"><span class='ocrx_word' id='word_1_65' title='bbox 92 905 204 936; x_wconf 89' lang='lat' dir='ltr'>men</span> <span class='ocrx_word' id='word_1_66' title='bbox 242 888 319 936; x_wconf 86' lang='lat' dir='ltr'>his</span> <span class='ocrx_word' id='word_1_67' title='bbox 359 888 583 936; x_wconf 89' lang='lat' dir='ltr'>sordibus</span> <span class='ocrx_word' id='word_1_68' title='bbox 623 891 921 950; x_wconf 89' lang='lat' dir='ltr'>apparatum</span> <span class='ocrx_word' id='word_1_69' title='bbox 961 889 1186 937; x_wconf 90' lang='lat' dir='ltr'>criticum</span> <span class='ocrx_word' id='word_1_70' title='bbox 1226 904 1428 936; x_wconf 88' lang='lat' dir='ltr'>onerare</span> <span class='ocrx_word' id='word_1_71' title='bbox 1467 889 1605 937; x_wconf 88' lang='lat' dir='ltr'>nefas</span> <span class='ocrx_word' id='word_1_72' title='bbox 1652 889 1781 937; x_wconf 87' lang='lat' dir='ltr'>duxi.</span> 
     </span>
     <span class='ocr_line' id='line_1_11' title="bbox 92 962 1779 1024; baseline 0.001 -15"><span class='ocrx_word' id='word_1_73' title='bbox 92 962 264 1024; x_wconf 87' lang='lat' dir='ltr'>Neque</span> <span class='ocrx_word' id='word_1_74' title='bbox 296 962 626 1010; x_wconf 88' lang='lat' dir='ltr'>Baroccianus</span> <span class='ocrx_word' id='word_1_75' title='bbox 657 963 774 1010; x_wconf 89' lang='lat' dir='ltr'>ullis</span> <span class='ocrx_word' id='word_1_76' title='bbox 806 962 1033 1024; x_wconf 88' lang='lat' dir='ltr'>splendet</span> <span class='ocrx_word' id='word_1_77' title='bbox 1062 962 1346 1024; x_wconf 86' lang='lat' dir='ltr'>luminibus,</span> <span class='ocrx_word' id='word_1_78' title='bbox 1384 964 1444 1010; x_wconf 91' lang='lat' dir='ltr'>ut</span> <span class='ocrx_word' id='word_1_79' title='bbox 1474 963 1632 1011; x_wconf 90' lang='lat' dir='ltr'>denuo</span> <span class='ocrx_word' id='word_1_80' title='bbox 1665 979 1779 1012; x_wconf 92' lang='lat' dir='ltr'>con-</span> 
     </span>
     <span class='ocr_line' id='line_1_12' title="bbox 91 1036 1777 1100; baseline 0.001 -17"><span class='ocrx_word' id='word_1_81' title='bbox 91 1036 322 1083; x_wconf 84' lang='lat' dir='ltr'>ferendus</span> <span class='ocrx_word' id='word_1_82' title='bbox 367 1036 540 1096; x_wconf 72' lang='lat' dir='ltr'>fuerit,</span> <span class='ocrx_word' id='word_1_83' title='bbox 590 1037 710 1084; x_wconf 86' lang='lat' dir='ltr'>satis</span> <span class='ocrx_word' id='word_1_84' title='bbox 758 1039 832 1084; x_wconf 90' lang='lat' dir='ltr'>est</span> <span class='ocrx_word' id='word_1_85' title='bbox 877 1037 1112 1084; x_wconf 87' lang='lat' dir='ltr'>lectiones</span> <span class='ocrx_word' id='word_1_86' title='bbox 1153 1036 1256 1084; x_wconf 91' lang='lat' dir='ltr'>eius</span> <span class='ocrx_word' id='word_1_87' title='bbox 1296 1053 1354 1084; x_wconf 85' lang='lat' dir='ltr'>ex</span> <span class='ocrx_word' id='word_1_88' title='bbox 1392 1037 1605 1084; x_wconf 76' lang='lat' dir='ltr'>editione</span> <span class='ocrx_word' id='word_1_89' title='bbox 1643 1038 1777 1100; x_wconf 89' lang='lat' dir='ltr'>prin-</span> 
     </span>
     <span class='ocr_line' id='line_1_13' title="bbox 91 1103 1765 1177; baseline 0.001 -20"><span class='ocrx_word' id='word_1_90' title='bbox 91 1110 198 1172; x_wconf 85' lang='lat' dir='ltr'>cipe</span> <span class='ocrx_word' id='word_1_91' title='bbox 244 1109 537 1157; x_wconf 87' lang='lat' dir='ltr'>Fabriciana</span> <span class='ocrx_word' id='word_1_92' title='bbox 585 1103 678 1177; x_wconf 87' lang='lat'>(=</span> <span class='ocrx_word' id='word_1_93' title='bbox 718 1104 873 1176; x_wconf 85' lang='lat' dir='ltr'>Fabr)</span> <span class='ocrx_word' id='word_1_94' title='bbox 922 1111 1170 1172; x_wconf 87' lang='lat' dir='ltr'>attulisse,</span> <span class='ocrx_word' id='word_1_95' title='bbox 1226 1111 1318 1159; x_wconf 82' lang='lat' dir='ltr'>etsi</span> <span class='ocrx_word' id='word_1_96' title='bbox 1368 1110 1637 1159; x_wconf 90' lang='lat' dir='ltr'>tenendum</span> <span class='ocrx_word' id='word_1_97' title='bbox 1691 1113 1765 1160; x_wconf 88' lang='lat' dir='ltr'>est</span> 
     </span>
     <span class='ocr_line' id='line_1_14' title="bbox 90 1183 1777 1247; baseline 0.002 -17"><span class='ocrx_word' id='word_1_98' title='bbox 90 1184 217 1232; x_wconf 89' lang='lat' dir='ltr'>hanc</span> <span class='ocrx_word' id='word_1_99' title='bbox 254 1183 455 1231; x_wconf 89' lang='lat' dir='ltr'>minime</span> <span class='ocrx_word' id='word_1_100' title='bbox 494 1184 546 1231; x_wconf 93' lang='lat' dir='ltr'>in</span> <span class='ocrx_word' id='word_1_101' title='bbox 579 1184 805 1232; x_wconf 90' lang='lat' dir='ltr'>omnibus</span> <span class='ocrx_word' id='word_1_102' title='bbox 839 1185 1018 1233; x_wconf 90' lang='lat' dir='ltr'>codicis</span> <span class='ocrx_word' id='word_1_103' title='bbox 1049 1185 1205 1246; x_wconf 90' lang='lat' dir='ltr'>ipsius</span> <span class='ocrx_word' id='word_1_104' title='bbox 1238 1186 1533 1247; x_wconf 75' lang='lat' dir='ltr'>scripturam</span> <span class='ocrx_word' id='word_1_105' title='bbox 1562 1185 1777 1233; x_wconf 86' lang='lat' dir='ltr'>reddere.</span> 
     </span>
     <span class='ocr_line' id='line_1_15' title="bbox 90 1258 1781 1320; baseline 0.001 -15"><span class='ocrx_word' id='word_1_106' title='bbox 90 1258 278 1320; x_wconf 87' lang='lat' dir='ltr'>Neque,</span> <span class='ocrx_word' id='word_1_107' title='bbox 303 1260 543 1319; x_wconf 87' lang='lat' dir='ltr'>quantum</span> <span class='ocrx_word' id='word_1_108' title='bbox 575 1275 600 1306; x_wconf 89' lang='lat' dir='ltr'>e</span> <span class='ocrx_word' id='word_1_109' title='bbox 631 1258 980 1319; x_wconf 84' lang='lat' dir='ltr'>speciminibus</span> <span class='ocrx_word' id='word_1_110' title='bbox 1011 1259 1228 1306; x_wconf 87' lang='lat' dir='ltr'>iudicare</span> <span class='ocrx_word' id='word_1_111' title='bbox 1259 1259 1390 1320; x_wconf 89' lang='lat' dir='ltr'>licet,</span> <span class='ocrx_word' id='word_1_112' title='bbox 1414 1259 1641 1306; x_wconf 91' lang='lat' dir='ltr'>meliores</span> <span class='ocrx_word' id='word_1_113' title='bbox 1666 1261 1781 1307; x_wconf 92' lang='lat' dir='ltr'>sunt</span> 
     </span>
     <span class='ocr_line' id='line_1_16' title="bbox 89 1331 1028 1394; baseline 0.001 -15"><span class='ocrx_word' id='word_1_114' title='bbox 89 1331 271 1394; x_wconf 88' lang='lat' dir='ltr'>reliqui</span> <span class='ocrx_word' id='word_1_115' title='bbox 310 1332 527 1380; x_wconf 85' lang='lat' dir='ltr'>eiusdem</span> <span class='ocrx_word' id='word_1_116' title='bbox 565 1332 786 1379; x_wconf 88' lang='lat' dir='ltr'>familiae</span> <span class='ocrx_word' id='word_1_117' title='bbox 827 1333 1028 1380; x_wconf 90' lang='lat' dir='ltr'>codices.</span> 
     </span>
    </p>

    <p class='ocr_par' dir='ltr' id='par_1_3' title="bbox 94 1399 1779 1541">
     <span class='ocr_line' id='line_1_17' title="bbox 201 1399 1779 1474; baseline 0.001 -21"><span class='ocrx_word' id='word_1_118' title='bbox 201 1405 261 1453; x_wconf 93' lang='lat' dir='ltr'>In</span> <span class='ocrx_word' id='word_1_119' title='bbox 305 1406 592 1454; x_wconf 85' lang='lat' dir='ltr'>universum</span> <span class='ocrx_word' id='word_1_120' title='bbox 636 1406 774 1468; x_wconf 89' lang='lat' dir='ltr'>prior</span> <span class='ocrx_word' id='word_1_121' title='bbox 818 1406 1012 1454; x_wconf 86' lang='lat' dir='ltr'>familia</span> <span class='ocrx_word' id='word_1_122' title='bbox 1060 1407 1282 1454; x_wconf 91' lang='lat' dir='ltr'>codicum</span> <span class='ocrx_word' id='word_1_123' title='bbox 1330 1399 1405 1472; x_wconf 81' lang='lat' dir='ltr'>(b)</span> <span class='ocrx_word' id='word_1_124' title='bbox 1454 1406 1663 1454; x_wconf 87' lang='lat' dir='ltr'>alteram</span> <span class='ocrx_word' id='word_1_125' title='bbox 1705 1400 1779 1474; x_wconf 84' lang='lat' dir='ltr'>(c)</span> 
     </span>
     <span class='ocr_line' id='line_1_18' title="bbox 94 1478 443 1541; baseline 0.003 -15"><span class='ocrx_word' id='word_1_126' title='bbox 94 1478 189 1527; x_wconf 89' lang='lat' dir='ltr'>fide</span> <span class='ocrx_word' id='word_1_127' title='bbox 228 1481 443 1541; x_wconf 82' lang='lat' dir='ltr'>superat.</span> 
     </span>
    </p>

    <p class='ocr_par' dir='ltr' id='par_1_4' title="bbox 87 1549 1776 2060">
     <span class='ocr_line' id='line_1_19' title="bbox 203 1549 1776 1616; baseline 0.001 -16"><span class='ocrx_word' id='word_1_128' title='bbox 203 1553 511 1615; x_wconf 84' lang='lat' dir='ltr'>Quamquam</span> <span class='ocrx_word' id='word_1_129' title='bbox 551 1553 709 1601; x_wconf 90' lang='lat' dir='ltr'>oratio</span> <span class='ocrx_word' id='word_1_130' title='bbox 748 1570 847 1602; x_wconf 90' lang='lat' dir='ltr'>non</span> <span class='ocrx_word' id='word_1_131' title='bbox 887 1549 1142 1615; x_wconf 75' lang='lat' dir='ltr'>‘corporis&#39;</span> <span class='ocrx_word' id='word_1_132' title='bbox 1183 1553 1363 1601; x_wconf 88' lang='lat' dir='ltr'>finibus</span> <span class='ocrx_word' id='word_1_133' title='bbox 1406 1553 1776 1616; x_wconf 86' lang='lat' dir='ltr'>circumscripta</span> 
     </span>
     <span class='ocr_line' id='line_1_20' title="bbox 89 1627 1776 1691; baseline 0.001 -17"><span class='ocrx_word' id='word_1_134' title='bbox 89 1627 285 1689; x_wconf 89' lang='lat' dir='ltr'>mansit,</span> <span class='ocrx_word' id='word_1_135' title='bbox 326 1627 410 1675; x_wconf 89' lang='lat' dir='ltr'>sed</span> <span class='ocrx_word' id='word_1_136' title='bbox 441 1628 591 1674; x_wconf 89' lang='lat' dir='ltr'>etiam</span> <span class='ocrx_word' id='word_1_137' title='bbox 627 1628 678 1674; x_wconf 91' lang='lat' dir='ltr'>in</span> <span class='ocrx_word' id='word_1_138' title='bbox 711 1628 905 1690; x_wconf 86' lang='lat' dir='ltr'>eclogas</span> <span class='ocrx_word' id='word_1_139' title='bbox 943 1629 1142 1688; x_wconf 89' lang='lat' dir='ltr'>recepta</span> <span class='ocrx_word' id='word_1_140' title='bbox 1173 1630 1261 1689; x_wconf 91' lang='lat' dir='ltr'>est,</span> <span class='ocrx_word' id='word_1_141' title='bbox 1299 1629 1480 1691; x_wconf 89' lang='lat' dir='ltr'>tamen,</span> <span class='ocrx_word' id='word_1_142' title='bbox 1521 1627 1562 1675; x_wconf 91' lang='lat' dir='ltr'>si</span> <span class='ocrx_word' id='word_1_143' title='bbox 1594 1627 1776 1690; x_wconf 85' lang='lat' dir='ltr'>excipis</span> 
     </span>
     <span class='ocr_line' id='line_1_21' title="bbox 89 1701 1773 1765; baseline 0 -17"><span class='ocrx_word' id='word_1_144' title='bbox 89 1701 251 1748; x_wconf 90' lang='lat' dir='ltr'>locum</span> <span class='ocrx_word' id='word_1_145' title='bbox 274 1718 321 1762; x_wconf 91' lang='lat' dir='ltr'>p.</span> <span class='ocrx_word' id='word_1_146' title='bbox 338 1702 584 1763; x_wconf 86' lang='lat' dir='ltr'>254,6sq.</span> <span class='ocrx_word' id='word_1_147' title='bbox 610 1703 695 1762; x_wconf 91' lang='lat' dir='ltr'>qui</span> <span class='ocrx_word' id='word_1_148' title='bbox 718 1702 926 1749; x_wconf 88' lang='lat' dir='ltr'>fortasse</span> <span class='ocrx_word' id='word_1_149' title='bbox 952 1701 1012 1748; x_wconf 91' lang='lat' dir='ltr'>ab</span> <span class='ocrx_word' id='word_1_150' title='bbox 1038 1703 1235 1749; x_wconf 89' lang='lat' dir='ltr'>auctore</span> <span class='ocrx_word' id='word_1_151' title='bbox 1260 1701 1491 1765; x_wconf 85' lang='lat' dir='ltr'>florilegii</span> <span class='ocrx_word' id='word_1_152' title='bbox 1515 1701 1773 1763; x_wconf 82' lang='lat' dir='ltr'>paululum</span> 
     </span>
     <span class='ocr_line' id='line_1_22' title="bbox 88 1773 1773 1838; baseline 0.001 -17"><span class='ocrx_word' id='word_1_153' title='bbox 88 1777 308 1822; x_wconf 87' lang='lat' dir='ltr'>mutatus</span> <span class='ocrx_word' id='word_1_154' title='bbox 334 1777 422 1835; x_wconf 90' lang='lat' dir='ltr'>est,</span> <span class='ocrx_word' id='word_1_155' title='bbox 447 1777 497 1822; x_wconf 92' lang='lat' dir='ltr'>et</span> <span class='ocrx_word' id='word_1_156' title='bbox 519 1776 818 1823; x_wconf 87' lang='lat' dir='ltr'>mentionem</span> <span class='ocrx_word' id='word_1_157' title='bbox 842 1775 1060 1838; x_wconf 86' lang='lat' dir='ltr'>genetivi</span> <span class='ocrx_word' id='word_1_158' title='bbox 1083 1773 1371 1823; x_wconf 80' lang='grc' dir='ltr'><strong><em>ἐπιπάππου</em></strong></span> <span class='ocrx_word' id='word_1_159' title='bbox 1393 1775 1477 1836; x_wconf 83' lang='lat' dir='ltr'>qui</span> <span class='ocrx_word' id='word_1_160' title='bbox 1497 1792 1543 1837; x_wconf 89' lang='lat' dir='ltr'>p.</span> <span class='ocrx_word' id='word_1_161' title='bbox 1565 1777 1686 1836; x_wconf 86' lang='lat'>241,</span> <span class='ocrx_word' id='word_1_162' title='bbox 1706 1777 1773 1823; x_wconf 87' lang='grc'>14</span> 
     </span>
     <span class='ocr_line' id='line_1_23' title="bbox 90 1849 1776 1910; baseline 0 -14"><span class='ocrx_word' id='word_1_163' title='bbox 90 1850 314 1910; x_wconf 91' lang='lat' dir='ltr'>occurrit,</span> <span class='ocrx_word' id='word_1_164' title='bbox 347 1849 399 1895; x_wconf 92' lang='lat' dir='ltr'>in</span> <span class='ocrx_word' id='word_1_165' title='bbox 429 1849 622 1897; x_wconf 86' lang='lat' dir='ltr'>lexico</span> <span class='ocrx_word' id='word_1_166' title='bbox 657 1849 1108 1897; x_wconf 90' lang='lat' dir='ltr'>Vindobonensi</span> <span class='ocrx_word' id='word_1_167' title='bbox 1149 1865 1275 1897; x_wconf 90' lang='lat' dir='ltr'>anno</span> <span class='ocrx_word' id='word_1_168' title='bbox 1311 1850 1450 1897; x_wconf 86' lang='lat'>1343</span> <span class='ocrx_word' id='word_1_169' title='bbox 1485 1850 1546 1897; x_wconf 89' lang='lat' dir='ltr'>ab</span> <span class='ocrx_word' id='word_1_170' title='bbox 1578 1849 1776 1896; x_wconf 90' lang='lat' dir='ltr'>Andrea</span> 
     </span>
     <span class='ocr_line' id='line_1_24' title="bbox 89 1921 1776 1985; baseline 0.001 -16"><span class='ocrx_word' id='word_1_171' title='bbox 89 1921 367 1985; x_wconf 86' lang='lat' dir='ltr'>Lopadiota</span> <span class='ocrx_word' id='word_1_172' title='bbox 415 1923 753 1971; x_wconf 89' lang='lat' dir='ltr'>consarcinato</span> <span class='ocrx_word' id='word_1_173' title='bbox 792 1940 838 1985; x_wconf 89' lang='lat' dir='ltr'>p.</span> <span class='ocrx_word' id='word_1_174' title='bbox 875 1923 959 1985; x_wconf 86' lang='lat'>57,</span> <span class='ocrx_word' id='word_1_175' title='bbox 993 1924 1023 1970; x_wconf 91' lang='lat'><strong>3</strong></span> <span class='ocrx_word' id='word_1_176' title='bbox 1075 1923 1280 1985; x_wconf 86' lang='lat' dir='ltr'>factam,</span> <span class='ocrx_word' id='word_1_177' title='bbox 1330 1923 1496 1971; x_wconf 89' lang='lat' dir='ltr'>nullus</span> <span class='ocrx_word' id='word_1_178' title='bbox 1541 1924 1676 1972; x_wconf 88' lang='lat' dir='ltr'>locus</span> <span class='ocrx_word' id='word_1_179' title='bbox 1722 1923 1776 1971; x_wconf 92' lang='lat' dir='ltr'>in</span> 
     </span>
     <span class='ocr_line' id='line_1_25' title="bbox 87 1996 1260 2060; baseline 0.001 -17"><span class='ocrx_word' id='word_1_180' title='bbox 87 1996 342 2059; x_wconf 88' lang='lat' dir='ltr'>florilegiis</span> <span class='ocrx_word' id='word_1_181' title='bbox 386 1997 466 2045; x_wconf 90' lang='lat' dir='ltr'>vel</span> <span class='ocrx_word' id='word_1_182' title='bbox 505 1997 637 2058; x_wconf 90' lang='lat' dir='ltr'>apud</span> <span class='ocrx_word' id='word_1_183' title='bbox 676 1997 1025 2060; x_wconf 86' lang='lat' dir='ltr'>grammaticos</span> <span class='ocrx_word' id='word_1_184' title='bbox 1065 1997 1260 2045; x_wconf 84' lang='lat' dir='ltr'>citatur.</span> 
     </span>
    </p>

    <p class='ocr_par' dir='ltr' id='par_1_5' title="bbox 86 2070 1774 2500">
     <span class='ocr_line' id='line_1_26' title="bbox 198 2070 1774 2133; baseline 0.001 -16"><span class='ocrx_word' id='word_1_185' title='bbox 198 2070 427 2118; x_wconf 87' lang='lat' dir='ltr'>Reiskius</span> <span class='ocrx_word' id='word_1_186' title='bbox 465 2073 655 2118; x_wconf 83' lang='lat' dir='ltr'>textum</span> <span class='ocrx_word' id='word_1_187' title='bbox 692 2070 920 2118; x_wconf 89' lang='lat' dir='ltr'>editionis</span> <span class='ocrx_word' id='word_1_188' title='bbox 951 2071 1190 2133; x_wconf 90' lang='lat' dir='ltr'>principis</span> <span class='ocrx_word' id='word_1_189' title='bbox 1222 2086 1332 2118; x_wconf 91' lang='lat' dir='ltr'>cum</span> <span class='ocrx_word' id='word_1_190' title='bbox 1363 2071 1585 2118; x_wconf 86' lang='lat' dir='ltr'>versione</span> <span class='ocrx_word' id='word_1_191' title='bbox 1616 2070 1774 2118; x_wconf 86' lang='lat' dir='ltr'>latina</span> 
     </span>
     <span class='ocr_line' id='line_1_27' title="bbox 89 2137 1774 2211; baseline 0 -20"><span class='ocrx_word' id='word_1_192' title='bbox 89 2141 274 2191; x_wconf 90' lang='lat' dir='ltr'>Olearii</span> <span class='ocrx_word' id='word_1_193' title='bbox 306 2160 335 2191; x_wconf 88' lang='lat' dir='ltr'>a</span> <span class='ocrx_word' id='word_1_194' title='bbox 366 2144 592 2192; x_wconf 85' lang='lat' dir='ltr'>Fabricio</span> <span class='ocrx_word' id='word_1_195' title='bbox 634 2137 716 2211; x_wconf 85' lang='lat' dir='ltr'>(cf.</span> <span class='ocrx_word' id='word_1_196' title='bbox 756 2162 803 2206; x_wconf 89' lang='lat' dir='ltr'>p.</span> <span class='ocrx_word' id='word_1_197' title='bbox 832 2138 960 2210; x_wconf 87' lang='lat'>231)</span> <span class='ocrx_word' id='word_1_198' title='bbox 1000 2145 1162 2192; x_wconf 82' lang='lat' dir='ltr'>factae</span> <span class='ocrx_word' id='word_1_199' title='bbox 1202 2161 1259 2192; x_wconf 84' lang='lat' dir='ltr'>ex</span> <span class='ocrx_word' id='word_1_200' title='bbox 1297 2144 1494 2208; x_wconf 84' lang='lat' dir='ltr'>ingenio</span> <span class='ocrx_word' id='word_1_201' title='bbox 1508 2138 1563 2210; x_wconf 78' lang='lat'>¹),</span> <span class='ocrx_word' id='word_1_202' title='bbox 1602 2147 1774 2206; x_wconf 87' lang='lat' dir='ltr'>postea</span> 
     </span>
     <span class='ocr_line' id='line_1_28' title="bbox 89 2218 1769 2282; baseline 0.001 -19"><span class='ocrx_word' id='word_1_203' title='bbox 89 2218 239 2264; x_wconf 89' lang='lat' dir='ltr'>etiam</span> <span class='ocrx_word' id='word_1_204' title='bbox 285 2218 531 2266; x_wconf 89' lang='lat' dir='ltr'>codicibus</span> <span class='ocrx_word' id='word_1_205' title='bbox 573 2218 864 2282; x_wconf 88' lang='lat' dir='ltr'>Augustano</span> <span class='ocrx_word' id='word_1_206' title='bbox 913 2220 962 2265; x_wconf 89' lang='lat' dir='ltr'>et</span> <span class='ocrx_word' id='word_1_207' title='bbox 999 2219 1279 2266; x_wconf 89' lang='lat' dir='ltr'>Monacensi</span> <span class='ocrx_word' id='word_1_208' title='bbox 1327 2218 1560 2266; x_wconf 87' lang='lat' dir='ltr'>adhibitis</span> <span class='ocrx_word' id='word_1_209' title='bbox 1598 2219 1769 2266; x_wconf 91' lang='lat' dir='ltr'>multis</span> 
     </span>
     <span class='ocr_line' id='line_1_29' title="bbox 87 2291 1769 2355; baseline 0.002 -19"><span class='ocrx_word' id='word_1_210' title='bbox 87 2291 206 2339; x_wconf 91' lang='lat' dir='ltr'>locis</span> <span class='ocrx_word' id='word_1_211' title='bbox 258 2291 556 2351; x_wconf 69' lang='lat' dir='ltr'>emendavit,</span> <span class='ocrx_word' id='word_1_212' title='bbox 613 2308 711 2353; x_wconf 92' lang='lat' dir='ltr'>quo</span> <span class='ocrx_word' id='word_1_213' title='bbox 766 2293 924 2355; x_wconf 84' lang='lat' dir='ltr'>magis</span> <span class='ocrx_word' id='word_1_214' title='bbox 979 2292 1243 2340; x_wconf 88' lang='lat' dir='ltr'>dolendum</span> <span class='ocrx_word' id='word_1_215' title='bbox 1293 2294 1367 2340; x_wconf 87' lang='lat' dir='ltr'>est</span> <span class='ocrx_word' id='word_1_216' title='bbox 1417 2292 1547 2353; x_wconf 91' lang='lat' dir='ltr'>quod</span> <span class='ocrx_word' id='word_1_217' title='bbox 1592 2291 1769 2339; x_wconf 87' lang='lat' dir='ltr'>nihilo-</span> 
     </span>
     <span class='ocr_line' id='line_1_30' title="bbox 86 2359 1769 2432; baseline 0 -20"><span class='ocrx_word' id='word_1_218' title='bbox 86 2367 247 2412; x_wconf 90' lang='lat' dir='ltr'>minus</span> <span class='ocrx_word' id='word_1_219' title='bbox 278 2367 441 2413; x_wconf 86' lang='lat' dir='ltr'>textus</span> <span class='ocrx_word' id='word_1_220' title='bbox 475 2366 704 2413; x_wconf 84' lang='lat' dir='ltr'>editionis</span> <span class='ocrx_word' id='word_1_221' title='bbox 737 2367 881 2427; x_wconf 85' lang='lat' dir='ltr'>culpa</span> <span class='ocrx_word' id='word_1_222' title='bbox 905 2367 1070 2414; x_wconf 89' lang='lat' dir='ltr'>uxoris</span> <span class='ocrx_word' id='word_1_223' title='bbox 1082 2359 1123 2432; x_wconf 77' lang='lat'>²)</span> <span class='ocrx_word' id='word_1_224' title='bbox 1155 2366 1234 2413; x_wconf 86' lang='lat' dir='ltr'>hic</span> <span class='ocrx_word' id='word_1_225' title='bbox 1265 2365 1368 2413; x_wconf 88' lang='lat' dir='ltr'>illic</span> <span class='ocrx_word' id='word_1_226' title='bbox 1401 2365 1614 2413; x_wconf 90' lang='lat' dir='ltr'>editione</span> <span class='ocrx_word' id='word_1_227' title='bbox 1637 2366 1769 2426; x_wconf 89' lang='lat' dir='ltr'>prin-</span> 
     </span>
     <span class='ocr_line' id='line_1_31' title="bbox 89 2438 573 2500; baseline 0.002 -15"><span class='ocrx_word' id='word_1_228' title='bbox 89 2438 196 2500; x_wconf 87' lang='lat' dir='ltr'>cipe</span> <span class='ocrx_word' id='word_1_229' title='bbox 235 2438 448 2486; x_wconf 86' lang='lat' dir='ltr'>deterior</span> <span class='ocrx_word' id='word_1_230' title='bbox 487 2441 573 2486; x_wconf 87' lang='lat' dir='ltr'>est.</span> 
     </span>
    </p>

    <p class='ocr_par' dir='ltr' id='par_1_6' title="bbox 85 2512 1768 2854">
     <span class='ocr_line' id='line_1_32' title="bbox 197 2512 1767 2575; baseline -0.001 -16"><span class='ocrx_word' id='word_1_231' title='bbox 197 2512 481 2560; x_wconf 89' lang='lat' dir='ltr'>Monnerius</span> <span class='ocrx_word' id='word_1_232' title='bbox 532 2514 668 2561; x_wconf 82' lang='lat' dir='ltr'>cuius</span> <span class='ocrx_word' id='word_1_233' title='bbox 720 2513 778 2560; x_wconf 92' lang='lat' dir='ltr'>de</span> <span class='ocrx_word' id='word_1_234' title='bbox 830 2513 1043 2561; x_wconf 86' lang='lat' dir='ltr'>editione</span> <span class='ocrx_word' id='word_1_235' title='bbox 1094 2513 1332 2575; x_wconf 90' lang='lat' dir='ltr'>impressa</span> <span class='ocrx_word' id='word_1_236' title='bbox 1382 2512 1466 2560; x_wconf 90' lang='lat' dir='ltr'>sed</span> <span class='ocrx_word' id='word_1_237' title='bbox 1515 2527 1767 2573; x_wconf 91' lang='lat' dir='ltr'>nunquam</span> 
     </span>
     <span class='ocr_line' id='line_1_33' title="bbox 85 2580 1768 2653; baseline 0 -22"><span class='ocrx_word' id='word_1_238' title='bbox 85 2585 217 2633; x_wconf 88' lang='lat' dir='ltr'>foras</span> <span class='ocrx_word' id='word_1_239' title='bbox 255 2587 406 2633; x_wconf 84' lang='lat' dir='ltr'>missa</span> <span class='ocrx_word' id='word_1_240' title='bbox 444 2601 592 2647; x_wconf 90' lang='lat' dir='ltr'>supra</span> <span class='ocrx_word' id='word_1_241' title='bbox 633 2580 702 2652; x_wconf 84' lang='lat' dir='ltr'>(p.</span> <span class='ocrx_word' id='word_1_242' title='bbox 740 2580 831 2652; x_wconf 87' lang='lat'>15)</span> <span class='ocrx_word' id='word_1_243' title='bbox 871 2588 1055 2648; x_wconf 89' lang='lat' dir='ltr'>rettuli,</span> <span class='ocrx_word' id='word_1_244' title='bbox 1094 2603 1141 2648; x_wconf 91' lang='lat' dir='ltr'>p.</span> <span class='ocrx_word' id='word_1_245' title='bbox 1179 2585 1628 2653; x_wconf 47' lang='lat' dir='ltr'>194———2353nihil</span> <span class='ocrx_word' id='word_1_246' title='bbox 1670 2585 1768 2633; x_wconf 89' lang='lat' dir='ltr'>nisi</span> 
     </span>
     <span class='ocr_line' id='line_1_34' title="bbox 85 2656 1765 2720; baseline 0 -15"><span class='ocrx_word' id='word_1_247' title='bbox 85 2660 275 2706; x_wconf 82' lang='lat' dir='ltr'>textum</span> <span class='ocrx_word' id='word_1_248' title='bbox 313 2659 515 2720; x_wconf 85' lang='lat' dir='ltr'>praebet</span> <span class='ocrx_word' id='word_1_249' title='bbox 553 2660 875 2708; x_wconf 85' lang='lat' dir='ltr'>Reiskianum</span> <span class='ocrx_word' id='word_1_250' title='bbox 919 2660 999 2707; x_wconf 90' lang='lat' dir='ltr'>hic</span> <span class='ocrx_word' id='word_1_251' title='bbox 1049 2661 1151 2708; x_wconf 93' lang='lat' dir='ltr'>illic</span> <span class='ocrx_word' id='word_1_252' title='bbox 1202 2662 1469 2719; x_wconf 87' lang='lat' dir='ltr'>tentatum,</span> <span class='ocrx_word' id='word_1_253' title='bbox 1519 2656 1605 2706; x_wconf 72' lang='lat' dir='ltr'>sed</span> <span class='ocrx_word' id='word_1_254' title='bbox 1654 2674 1765 2706; x_wconf 92' lang='lat' dir='ltr'>nus-</span> 
     </span>
     <span class='ocr_line' id='line_1_35' title="bbox 86 2725 1763 2798; baseline -0.001 -19"><span class='ocrx_word' id='word_1_255' title='bbox 86 2748 234 2793; x_wconf 92' lang='lat' dir='ltr'>quam</span> <span class='ocrx_word' id='word_1_256' title='bbox 263 2733 587 2780; x_wconf 85' lang='lat' dir='ltr'>emendatum.</span> <span class='ocrx_word' id='word_1_257' title='bbox 627 2733 880 2780; x_wconf 88' lang='lat' dir='ltr'>Nonnulla</span> <span class='ocrx_word' id='word_1_258' title='bbox 904 2735 1030 2782; x_wconf 87' lang='lat' dir='ltr'>vitia</span> <span class='ocrx_word' id='word_1_259' title='bbox 1055 2733 1286 2794; x_wconf 84' lang='lat' dir='ltr'>Sintenis,</span> <span class='ocrx_word' id='word_1_260' title='bbox 1306 2732 1528 2792; x_wconf 86' lang='lat' dir='ltr'>Cobetus,</span> <span class='ocrx_word' id='word_1_261' title='bbox 1548 2731 1711 2780; x_wconf 84' lang='lat' dir='ltr'>Gasda</span> <span class='ocrx_word' id='word_1_262' title='bbox 1722 2725 1763 2798; x_wconf 82' lang='lat'>3)</span> 
     </span>
     <span class='ocr_line' id='line_1_36' title="bbox 86 2807 405 2854; baseline 0 -1"><span class='ocrx_word' id='word_1_263' title='bbox 86 2807 405 2854; x_wconf 87' lang='lat' dir='ltr'>sustulerunt.</span> 
     </span>
    </p>
   </div>
   <div class='ocr_carea' id='block_1_3' title="bbox 206 2915 1760 2974">
    <p class='ocr_par' dir='ltr' id='par_1_7' title="bbox 206 2915 1760 2974">
     <span class='ocr_line' id='line_1_37' title="bbox 206 2915 1760 2974; baseline 0 -15"><span class='ocrx_word' id='word_1_264' title='bbox 206 2919 247 2974; x_wconf 90' lang='lat'>1)</span> <span class='ocrx_word' id='word_1_265' title='bbox 278 2917 519 2960; x_wconf 80' lang='lat' dir='ltr'>Animadv.</span> <span class='ocrx_word' id='word_1_266' title='bbox 553 2916 595 2959; x_wconf 90' lang='lat' dir='ltr'><strong>V</strong></span> <span class='ocrx_word' id='word_1_267' title='bbox 620 2922 701 2960; x_wconf 89' lang='lat'>201</span> <span class='ocrx_word' id='word_1_268' title='bbox 722 2932 788 2972; x_wconf 88' lang='lat' dir='ltr'>sq.</span> <span class='ocrx_word' id='word_1_269' title='bbox 956 2920 1000 2974; x_wconf 86' lang='lat'>2)</span> <span class='ocrx_word' id='word_1_270' title='bbox 1033 2916 1097 2961; x_wconf 85' lang='lat' dir='ltr'>Cf.</span> <span class='ocrx_word' id='word_1_271' title='bbox 1131 2932 1175 2973; x_wconf 88' lang='lat' dir='ltr'>p.</span> <span class='ocrx_word' id='word_1_272' title='bbox 1204 2921 1270 2961; x_wconf 81' lang='lat'>76.</span> <span class='ocrx_word' id='word_1_273' title='bbox 1445 2919 1488 2974; x_wconf 84' lang='lat'>3)</span> <span class='ocrx_word' id='word_1_274' title='bbox 1521 2915 1586 2960; x_wconf 86' lang='lat' dir='ltr'>Cf.</span> <span class='ocrx_word' id='word_1_275' title='bbox 1619 2932 1664 2972; x_wconf 89' lang='lat' dir='ltr'>p.</span> <span class='ocrx_word' id='word_1_276' title='bbox 1693 2921 1760 2959; x_wconf 83' lang='lat'>78.</span> 
     </span>
    </p>
   </div>
   <div class='ocr_carea' id='block_1_4' title="bbox 87 2883 439 2890">
    <p class='ocr_par' dir='ltr' id='par_1_8' title="bbox 87 2883 439 2890">
     <span class='ocr_line' id='line_1_38' title="bbox 87 2883 439 2890; baseline 0 278"><span class='ocrx_word' id='word_1_277' title='bbox 87 2883 439 2890; x_wconf 95' lang='lat' dir='ltr'> </span> 
     </span>
    </p>
   </div>
   <div class='ocr_carea' id='block_1_5' title="bbox 750 3009 1102 3017">
    <p class='ocr_par' dir='ltr' id='par_1_9' title="bbox 750 3009 1102 3017">
     <span class='ocr_line' id='line_1_39' title="bbox 750 3009 1102 3017; baseline 0 0"><span class='ocrx_word' id='word_1_278' title='bbox 750 3009 1102 3017; x_wconf 95' lang='lat' dir='ltr'> </span> 
     </span>
    </p>
   </div>
  </div>
 </body>
</html>
