2026 3168
655 129 882 174 LIBANII
913 127 1252 173 ORATIONES
1690 130 1792 182 189

112 264 342 337 κειμένῳ
383 264 522 333 δέος,
562 265 756 335 ἡμέραι
795 285 851 318 τε
890 266 1092 318 ἅπασαι
1131 267 1339 333 πικραί,
1371 263 1495 328 νυξὶ
1535 265 1595 320 ,δὲ
1634 266 1795 334 χάριν

113 353 271 423 ᾔδειν
301 362 399 408 τοῦ
431 353 630 422 ὕπνου,
671 363 906 422 φανεῖσα
936 354 998 406 δὲ
1032 352 1206 422 ἡμέρα
1235 354 1296 406 τὸ
1328 354 1499 406 κακὸν
1533 352 1794 422 ἐκόμιζεν,

119 443 255 496 ὥστε
307 443 397 495 καὶ
450 441 626 513 ᾔτουν
677 444 822 511 παρὰ
875 451 986 495 τῶν
1039 447 1191 495 θεῶν
1244 440 1358 494 ἀντ’
1419 443 1590 494 ἄλλου
1643 443 1793 504 τινὸς

113 530 332 599 ἀγαθοῦ
364 531 462 583 τὸν
499 531 765 598 θάνατον,
804 529 894 583 καὶ
933 531 1212 583 πιστεύειν
1241 530 1343 596 μὲν
1382 529 1483 582 οὐκ
1516 527 1682 599 εἶχον,
1722 531 1794 594 ὡς

112 619 180 672 οὐ
228 620 523 692 διαφθερεῖ
568 639 662 687 μοι
708 620 807 672 τὸν
851 626 992 672 νοῦν
1037 619 1070 687 ἡ
1117 620 1292 680 νόσος.
1370 618 1491 670 244.
1539 620 1692 671 οὔπω
1733 620 1794 672 δὲ
1839 639 1859 673 5

112 715 294 775 τοῦτο,
341 707 429 760 ὅτε
478 716 647 760 ταῦτα
695 710 964 776 ἔγραφον,
1008 706 1366 774 ἐπεπόνθειν,
1412 712 1701 776 θαρρῆσαι.
1732 708 1793 760 δὲ

111 795 250 865 ὑπὲρ
290 804 390 849 τοῦ
428 796 724 862 μέλλοντος
763 797 830 849 οὐ
861 804 1056 864 παρῆν.
1117 794 1207 848 καὶ
1247 796 1380 848 αὐτὸ
1413 792 1474 847 δὲ
1505 798 1666 848 τοῦτό
1699 816 1793 864 μοι

110 885 172 937 τὸ
211 886 368 953 μήπω
408 886 556 951 παρὰ
592 895 703 938 τῶν
740 891 907 953 θεῶν,
941 887 998 938 οἳ
1030 886 1122 937 διὰ
1152 885 1393 953 μάντεώς
1422 904 1487 952 με
1521 877 1651 953 αἷμα
1690 885 1793 938 οὐκ

112 958 242 1026 εἴων
281 972 493 1041 ἐξάγειν
532 973 709 1042 φλέβα
746 976 995 1043 τεμόντα,
1034 976 1211 1026 καίτοι
1251 974 1468 1042 σφόδρα
1514 993 1575 1040 γε
1614 973 1791 1042 ὡρμη-
1838 996 1858 1027 9

110 1063 256 1114 κότα.
308 1064 457 1130 ἔλεγε
483 1063 543 1115 δὲ
568 1062 596 1115 ὁ
634 1067 638 1127 Ι
677 1064 875 1131 ἱατρός,
908 1064 955 1115 εἰ
978 1069 1151 1115 ταῦτα
1186 1061 1446 1129 ἐγεγόνει,
1478 1062 1571 1114 διὰ
1601 1069 1701 1114 τοῦ
1732 1075 1774 1117 R
1797 1079 1880 1119 147

113 1149 339 1219 ῥυέντος
378 1151 604 1220 αἳματος
647 1153 806 1220 ἰσχὺν
856 1154 1120 1220 λαβόντος
1169 1159 1268 1204 τοῦ
1325 1151 1592 1220 ῥεύματος
1636 1151 1792 1218 ἡττη-

110 1243 311 1291 θεῖσαν
362 1240 463 1308 τὴν
506 1242 753 1309 κεφαλὴν
802 1241 1018 1302 πάντως
1068 1240 1137 1292 ἄν
1190 1259 1256 1308 με
1308 1238 1399 1292 καὶ
1448 1242 1791 1306 καταβαλεῖν.

111 1327 234 1380 245.
289 1327 349 1380 ἐν
401 1329 618 1390 τούτοις
672 1326 731 1381 δὲ
786 1331 906 1382 ὄντι
960 1349 1054 1397 μοι
1103 1330 1313 1397 γίνεται
1365 1329 1501 1397 ὄναρ
1552 1329 1791 1381 τοιόνδε·

111 1413 348 1469 ἐδόκουν
392 1419 491 1484 μοί
533 1437 678 1480 τινες
724 1419 1001 1480 θύσαντες
1047 1418 1150 1470 δύο
1197 1418 1358 1470 παῖδε
1404 1425 1526 1470 τοῖν
1567 1427 1790 1486 νεκροῖν

107 1506 207 1558 τὸν
252 1504 442 1574 ἕτερον
487 1511 675 1558 θεῖναι
723 1505 783 1559 ἐν
830 1507 957 1578 ἱερῷ
989 1507 1127 1569 Διὸς
1173 1508 1409 1560 ὄπισθεν
1454 1514 1549 1574 τῆς
1590 1506 1786 1574 θύρας,
1813 1526 1854 1559 15

108 1592 549 1661 ἀγανακτοῦντος
589 1594 655 1647 δέ
684 1614 792 1661 μου
831 1603 896 1664 τῇ
927 1602 1028 1647 τοῦ
1062 1595 1200 1658 Διὸς
1236 1595 1396 1664 ὕβρει
1435 1595 1609 1663 φάναι
1637 1595 1792 1657 τινὰς

108 1681 265 1751 μέχρι
303 1689 397 1750 τῆς
436 1681 666 1753 ἑσπέρας
703 1681 863 1736 τοῦθ’
911 1683 1086 1745 οὕτως
1124 1681 1283 1751 ἕξειν,
1323 1683 1560 1752 ἡκούσης
1600 1683 1661 1736 δὲ
1700 1684 1791 1736 δο-

108 1771 387 1838 θήσεσθαι
426 1771 598 1843 τάφφ.
674 1772 935 1840 φάρμακα
982 1769 1042 1824 δὲ
1088 1770 1179 1824 καὶ
1226 1773 1651 1840 μαγγανεύματα
1700 1770 1790 1824 καὶ

108 1860 346 1927 πόλεμον
400 1859 506 1912 ἀπὸ
563 1861 780 1928 γοήτων
833 1859 1054 1929 ἀνδρῶν
1107 1868 1277 1913 ταῦτα
1334 1860 1512 1914 ἐδόκει
1568 1861 1789 1929 δηλοῦν.

109 1947 231 1999 246.
284 1946 375 2000 καὶ
423 1949 600 2001 εἵπετο
649 1946 709 2001 δὲ
759 1950 820 2003 τὸ
875 1947 1058 2018 ἔργον,
1114 1951 1280 2018 φόβοι
1332 1969 1389 2001 τε
1443 1948 1642 2002 ἐκεῖνοι
1696 1948 1786 2002 καὶ
1811 1970 1855 2002 20

107 2038 252 2104 πλὴν
296 2041 548 2105 τελευτῆς
596 2037 825 2100 οὐδενὸς
871 2036 1152 2104 ἐπιθυμία.
1230 2037 1368 2090 ἀλλὰ
1412 2036 1536 2107 περὶ
1587 2039 1788 2091 τούτου

109 2126 264 2192 λόγοι
326 2144 383 2177 τε
451 2125 590 2193 πρὸς
658 2127 788 2188 τοὺς
848 2125 931 2178 ἀεὶ
996 2128 1272 2194 παρόντας
1336 2126 1494 2195 εὐχαί
1543 2146 1601 2179 τε
1652 2128 1790 2196 πρὸς

107 2213 290 2275 θεούς.
367 2212 567 2283 ἐχθρὸς
604 2211 704 2281 μὲν
743 2214 772 2267 ὁ
812 2219 1050 2282 λουτροῦ
1089 2215 1447 2283 μεμνημένος,
1488 2214 1690 2285 ἐχθρὸς
1728 2212 1789 2268 δὲ

108 2299 136 2352 ὁ
177 2301 424 2370 δείπνου,
471 2301 560 2354 καὶ
609 2304 759 2371 φυγὴ
805 2303 906 2369 μὲν
945 2302 1049 2355 ἀπὸ
1089 2305 1322 2372 βιβλίων
1361 2303 1422 2357 ἐν
1460 2296 1544 2366 οἷς
1583 2305 1638 2356 οἱ
1675 2313 1789 2356 τῶν

108 2388 350 2458 ἀρχαίων
386 2393 565 2459 πόνοι,
606 2393 755 2460 φυγὴ
798 2388 858 2443 δὲ
898 2391 1002 2444 ἀπὸ
1044 2400 1259 2461 γραφῆς
1295 2413 1352 2446 τε
1390 2393 1479 2445 καὶ
1518 2396 1788 2461 ποιήσεως
1811 2412 1854 2446 25

228 2526 250 2563 1
282 2519 475 2581 κειμένῳ
505 2521 557 2565 τὸ
590 2520 695 2572 δέος
724 2524 768 2566 L
889 2527 913 2565 5
947 2523 1002 2566 οὐ
1034 2537 1109 2566 om
1133 2523 1178 2566 B
1301 2527 1325 2566 7
1357 2540 1436 2579 μοι
1464 2523 1516 2567 τὸ
1548 2522 1701 2581 μήπω]
1734 2523 1787 2567 τὸ

107 2577 241 2634 μήπω
265 2596 344 2635 μοι
373 2581 419 2623 Β
510 2584 536 2623 8
569 2579 778 2637 μάντεων
802 2583 847 2626 Β
875 2583 880 2637 Ι
910 2578 1024 2638 αἷμα
1056 2595 1131 2624 om
1154 2583 1198 2626 L
1291 2587 1342 2626 11
1375 2579 1600 2638 ῥεύματος
1623 2581 1787 2638 scripsi

108 2650 212 2680 cum
236 2636 392 2682 Gasda
415 2639 517 2683 coll.
546 2644 687 2693 173,·1
714 2643 761 2684 et
786 2645 883 2694 167,
911 2645 965 2683 13
1026 2640 1288 2696 πνεύματος
1309 2641 1419 2685 libri
1443 2641 1535 2685 edd
1620 2646 1673 2685 12
1698 2657 1787 2697 μου

118 2697 199 2740 VL
229 2696 341 2741 Ferr
370 2698 472 2742 Mor
502 2700 549 2742 et
581 2713 682 2742 corr
711 2700 760 2742 in
791 2716 844 2756 με
879 2700 941 2744 Cp
1042 2704 1095 2743 13
1128 2699 1178 2743 έν
1210 2714 1286 2744 om
1316 2702 1360 2745 L
1460 2705 1514 2744 14
1544 2716 1666 2751 τινες
1695 2700 1787 2743 θύ-

108 2755 286 2813 σαντες]
319 2757 552 2808 θύσαντες
578 2759 702 2809 uvi-9
731 2759 776 2802 Β
806 2762 811 2815 Ι
838 2762 1012 2808 παῖδας
1042 2758 1144 2802 Mor
1265 2764 1317 2803 18
1349 2759 1709 2815 μαγκανεύματα
1742 2759 1788 2803 Β

107 2812 218 2857 Ferr
247 2814 349 2857 Mor
479 2821 533 2860 21
567 2818 678 2872 πρὶν
709 2819 753 2862 L
873 2823 928 2861 23
960 2816 1245 2874 μεμνημένος
1274 2845 1330 2851 -
1364 2823 1419 2862 24
1451 2815 1645 2862 δείπνου
1676 2818 1788 2862 Fert

107 2873 159 2915 in
186 2886 320 2931 marg
438 2879 495 2918 24
529 2877 697 2919 δεῖπνα
728 2876 772 2919 L
893 2882 947 2920 25
980 2876 1073 2920 ἀπὸ
1105 2884 1291 2934 γραφῆσ
1323 2891 1423 2921 corr
1455 2891 1511 2920 ex
1533 2875 1785 2933 ἀπογραφὴ

111 2931 174 2975 Gv
215 2935 221 2987 Ι
262 2948 309 2976 τε
341 2946 417 2976 om
447 2935 491 2978 L
529 2936 534 2989 Ι
575 2950 611 2978 π
641 2934 690 2978 in
720 2934 947 2990 ποιήσεως
976 2935 1027 2978 in
1055 2948 1130 2978 ras
1162 2935 1225 2980 Ρ2
