2026 3168
638 149 865 193 LIBANII
897 147 1238 193 ORATIONES
1673 149 1777 202 227

99 290 264 339 codice
302 304 482 338 vacuas
528 290 726 338 relictas
775 288 1037 351 explendas
1084 305 1142 336 ex
1191 289 1290 338 alio
1342 288 1528 351 codice,
1582 289 1666 338 sed
1716 289 1779 337 ad

97 364 373 426 exemplum
410 364 568 425 partis
606 363 785 424 prioris
825 363 1086 424 descripta.

205 438 400 486 Folium
436 439 536 485 101
580 437 758 499 incipit
796 452 914 485 voce
953 435 1118 500 αἵματι
1156 437 1415 485 monodiae
1446 438 1498 484 in
1529 437 1779 484 Iulianum

95 505 143 578 (I
177 512 298 572 519,
334 504 390 576 7)
431 526 557 572 quae
595 511 717 559 folio
758 526 928 559 averso
967 511 1146 558 ultima
1182 526 1301 559 voce
1337 509 1429 559 οὐκ
1461 508 1600 576 ὄρνιν
1633 504 1780 578 (521,

96 579 152 651 8)
194 585 387 632 desinit.

206 657 436 706 Succedit
495 658 720 723 λιβανίου
774 665 1011 721 σοφιστοῦ
1069 656 1324 720 ἐπιτάφιος
1384 656 1463 707 ἐπὶ
1525 658 1777 707 ιὀυλιανῶι

94 730 414 798 αὐτοκράτορι

206 808 337 854 127*
381 805 601 875 μονῳδία
641 803 718 854 ἐπὶ
756 805 1044 873 νικομηδείᾳ
1083 810 1260 874 σεισμῷ
1294 803 1630 874 ἀφανισθείσῃ

206 882 336 928 129γ
374 878 483 945 περὶ
521 877 788 943 ἀπληστίας

205 955 336 1002 130γ
374 951 484 1019 περὶ
522 953 692 1012 πενίας

204 1029 335 1075 131v
371 1027 624 1091 βασιλικὸς
662 1026 730 1086 εἰς
769 1027 1098 1076 κωνστάντιον
1136 1025 1218 1076 καὶ
1255 1027 1537 1076 κώνσταντα

204 1102 303 1150 151
371 1097 519 1167 [πρὸς
558 1097 825 1166 πολυκλέα]
838 1095 879 1168 ¹)

205 1176 307 1223 153
373 1171 517 1240 [ὑπὲρ
558 1174 734 1223 ἑαυτοῦ
775 1173 856 1223 διὰ
894 1173 986 1238 τὴν
1023 1173 1146 1241 πρὸς
1185 1173 1411 1240 ἀντίοχον
1450 1171 1775 1241 συνηγορίαν]

89 1264 198 1297 cum
238 1249 460 1298 oratione
501 1249 810 1297 antecedenti
850 1250 1112 1297 coniuncta

205 1324 307 1371 156
371 1320 481 1389 περὶ
519 1323 751 1389 τιμωρίας
791 1318 1094 1388 [ἰουλιανοῦ]

202 1398 304 1446 159
368 1394 500 1462 περὶ
539 1395 676 1455 τοὺς
715 1395 903 1463 βαρὺν
942 1395 1123 1445 αὐτὸν
1161 1394 1520 1456 καλέσαντας

202 1471 304 1519 163
366 1470 492 1536 πρὸς
531 1469 647 1529 τοὺς
685 1469 1009 1535 ἐγκαλοῦντας
1048 1469 1121 1519 ὅτι
1161 1469 1228 1535 μὴ
1268 1470 1477 1535 μελετώη
1517 1471 1548 1519 i.
1581 1487 1620 1518 e.
1652 1469 1775 1537 πρὸς

87 1543 203 1603 τοὺς
241 1542 386 1603 νέους
424 1541 533 1610 περὶ
571 1551 658 1593 τοῦ
696 1543 858 1610 λόγου.
1668 1553 1673 1559 “

198 1617 445 1667 Plurimas
478 1618 628 1666 codex
653 1621 881 1680 expertus
906 1621 980 1667 est
1006 1634 1181 1667 manus
1207 1619 1531 1680 correctrices,
1563 1634 1775 1682 quarum

86 1692 212 1740 duae
246 1686 325 1758 (p1
356 1694 408 1740 et
437 1686 516 1759 p2)
558 1695 834 1740 atramento
874 1693 1084 1755 pallido,
1122 1695 1273 1741 tertia
1306 1686 1378 1760 (f)
1412 1695 1574 1741 aetate
1606 1708 1773 1741 secun-

84 1766 174 1814 dae
206 1767 309 1813 fere
347 1781 439 1828 par
478 1767 638 1827 fusco,
687 1769 866 1828 quarta
889 1760 977 1833 (i),
1025 1766 1189 1815 eadem
1229 1769 1380 1829 atque
1427 1783 1552 1829 quae
1597 1766 1773 1815 folium

90 1842 190 1889 101
236 1833 320 1906 (cf.
352 1857 400 1902 p.
428 1833 558 1906 225)
600 1842 836 1902 exaravit,
874 1841 1044 1901 livido,
1083 1843 1260 1902 quinta
1301 1834 1380 1908 (q)
1419 1841 1597 1902 lurido,
1636 1842 1772 1888 sexta

112 1907 167 1971 n)
201 1915 361 1976 nigro,
394 1914 604 1975 septima
636 1915 819 1964 saeculi
850 1915 942 1961 XV
968 1907 1038 1981 (s)
1071 1914 1321 1978 subnigro,
1354 1916 1531 1963 octava
1562 1914 1771 1976 denique

86 1907 166 2055 gy)
208 1990 486 2036 atramento
525 1988 704 2035 coloris
744 2004 769 2036 e
808 1988 997 2051 pallido
1038 1991 1087 2036 et
1124 1989 1260 2037 fusco
1299 1989 1442 2036 mixti
1480 2004 1569 2036 usa
1609 1990 1696 2036 est.

196 2060 424 2109 Codicem
464 2062 764 2110 examinavit
802 2063 852 2109 et
889 2064 1081 2124 partem
1113 2062 1528 2111 declamationum
1561 2062 1771 2111 contulit

85 2135 361 2184 Richardus
394 2134 626 2196 Schoene,
658 2137 744 2198 qui
776 2152 901 2198 quae
940 2138 1202 2184 notaverat
1230 2137 1574 2184 liberalissime
1606 2152 1770 2184 meum

82 2211 135 2256 in
182 2225 325 2257 usum
371 2209 721 2272 transscripsit.
798 2210 906 2273 Ego
947 2210 1162 2258 codicem
1202 2226 1330 2258 anno
1374 2211 1513 2258 1869
1555 2212 1769 2258 tractavi

81 2285 339 2345 totumque
379 2284 579 2330 contuli.

194 2358 275 2404 2L
315 2356 762 2405 Laurentianus
801 2357 989 2404 XXXII
1022 2358 1106 2418 13,
1151 2373 1276 2405 unus
1324 2375 1348 2405 e
1388 2373 1589 2406 numero
1636 2357 1765 2406 codi-
1797 2366 1854 2407 25

82 2445 191 2478 cum
215 2430 542 2478 Mediceorum
578 2431 662 2493 qui
695 2446 823 2478 anno
853 2432 992 2480 1495
1018 2431 1070 2478 in
1094 2431 1441 2480 bibliothecam
1463 2432 1766 2479 Marcianam
1834 2471 1838 2474 ,

80 2498 451 2570 transierunt2),
482 2504 802 2567 bombycinus
833 2505 1021 2553 formae
1052 2508 1259 2567 quartae
1292 2507 1486 2554 saeculo
1517 2505 1635 2552 XIV
1664 2521 1766 2553 una

79 2593 229 2625 manu
269 2580 498 2626 exaratus
539 2579 759 2626 continet

202 2719 243 2774 1)
277 2717 506 2762 Cancellis
537 2719 728 2762 tit-ulum
761 2719 922 2763 abesse
955 2718 1178 2775 significo.

204 2779 248 2834 2)
277 2776 331 2820 In
361 2776 515 2821 indice
543 2778 709 2822 horum
734 2778 944 2822 codicum
971 2777 1030 2821 ab
1053 2778 1212 2822 Aenea
1235 2777 1538 2822 Piccolomini
1562 2777 1763 2834 (Intorno

79 2835 173 2879 alle
205 2835 465 2880 condizioni
498 2837 555 2880 ed
595 2837 686 2880 alle
717 2837 906 2881 vicende
939 2837 1064 2880 della
1100 2836 1292 2881 libreria
1321 2837 1533 2881 Medicea
1563 2836 1763 2890 Privata,

79 2894 270 2938 Firenze
304 2897 435 2951 1875)
466 2911 509 2952 p.
538 2900 592 2939 63
611 2911 677 2951 sq.
711 2896 837 2940 edito
870 2898 940 2940 est
970 2911 1094 2939 num.
1122 2900 1227 2939 349:
1267 2897 1462 2940 Libanii
1491 2902 1534 2941 et
1562 2896 1765 2940 Luc-mni

77 2967 213 3011 opera
242 2954 379 2998 simul
409 2955 461 2996 in
486 2968 668 3012 papyro
699 2956 760 3011 (p.
788 2957 875 3012 81).

1407 3028 1495 3072 15*
