2026 3168
687 123 924 168 LIBANII
955 122 1297 168 ORATIONES
1735 122 1840 175 105

155 258 304 316 εἶδεν
342 260 370 315 ὁ
410 269 663 330 γενναῖος
701 258 909 322 ἐκεῖνος
946 259 1037 312 καὶ
1075 259 1212 329 πρὸς
1249 264 1323 331 τῷ
1348 258 1708 330 Νικοστράτῳ
1740 266 1839 312 τοῦ

149 350 497 420 Ἰσοκράτους
547 358 929 419 καταφρονῶν,
984 348 1067 401 ὅτι
1120 349 1306 416 λόγοις
1350 347 1452 414 μὲν
1497 347 1599 400 οὐκ
1645 346 1714 400 ἂν
1761 349 1840 400 ἔτι

155 438 424 509 παρέλθοι
478 440 677 506 λόγους
731 436 797 491 οὐ
852 438 1060 504 μᾶλλόν
1111 456 1175 505 γε
1228 435 1261 504 ἢ
1315 437 1446 490 ποσὶ
1491 437 1662 499 πόδας
1710 439 1841 499 τοὺς

154 525 320 595 ἐμοὺς
353 525 359 598 Ι
393 535 509 590 τοῖς
541 525 756 595 ἑαυτοῦ,
788 528 884 593 μία
916 526 978 579 δὲ
1009 525 1292 594 ἀπαλλαγὴ
1325 527 1507 594 κυρία,
1540 526 1588 578 εἰ
1612 523 1793 594 μηκέτ’
1813 538 1856 581 R
1875 542 1932 582 34

157 621 291 685 εἴην.
366 616 453 669 43.
494 617 540 669 εἰ
580 615 681 683 μὲν
720 616 788 684 δὴ
828 614 1095 685 φαρμάκῳ
1144 606 1258 676 οἶός
1295 611 1341 667 τ’
1388 610 1458 682 ἦν
1505 613 1840 683 ἀπενεγκεῖν,
1888 635 1908 668 5

155 704 244 759 ἐπὶ
289 706 350 758 τὸ
398 707 619 772 ἔκπωμα
664 701 797 774 ἧκεν
842 704 935 772 ἄν,
981 711 1144 757 τοῦτο
1194 703 1256 756 δὲ
1303 703 1405 756 οὐκ
1449 705 1589 773 ἔχων
1626 707 1842 772 γοήτων

153 794 424 863 ἡττῆσθαι
470 794 698 864 περιιὼν
743 791 1057 865 ἐτραγῴδει·
1112 791 1360 856 ξυνεῖναί
1410 811 1475 859 με
1527 793 1632 861 γὰρ
1680 792 1842 863 ἀνδρὶ

153 891 524 954 τυραννοῦντι
563 891 675 935 τῶν
713 882 946 949 ἄστρων,
995 879 1066 934 δι’
1114 877 1193 934 ὧν
1232 879 1447 935 ἐκεῖνον
1484 882 1582 934 τὸν
1620 881 1722 948 μὲν
1761 877 1841 949 εὖ,

157 973 255 1026 τὸν
295 972 356 1025 δὲ
394 981 571 1034 κακῶς
608 979 788 1023 ποιεῖν
834 970 1167 1040 ἀνθρώπων,
1216 970 1396 1036 ὥσπερ
1438 972 1573 1032 τοὺς
1618 968 1680 1023 ἐν
1724 978 1842 1032 ταῖς

155 1062 502 1123 δυναστείαις
542 1062 634 1113 διὰ
671 1070 782 1114 τῶν
821 1061 1173 1129 δορυφόρων·
1196 1086 1201 1091 ··
1222 1059 1423 1112 τούτου
1464 1058 1526 1112 δὲ
1564 1055 1706 1113 εἶναι
1744 1062 1843 1113 τὸν
1866 1081 1910 1114 1⁰

156 1152 382 1219 ἔλεγχον
427 1148 489 1203 ἐν
538 1157 637 1203 τοῦ
687 1148 1074 1218 βιβλογράφου
1124 1156 1242 1210 ταῖς
1294 1152 1570 1217 πλευραῖς,
1626 1150 1843 1218 Κρητός

155 1259 304 1301 τινος
343 1236 616 1301 ἐπιεικοῦς
653 1238 829 1292 πολλὰ
866 1245 931 1308 τῇ
972 1235 1124 1308 δεξιᾷ
1170 1238 1439 1307 καμόντος
1471 1235 1741 1306 Ἀθήνησί
1784 1256 1842 1290 τε

155 1327 245 1380 καὶ
290 1335 585 1396 πανταχοῦ.
661 1327 748 1379 44.
794 1329 964 1395 γνοὺς
1011 1325 1089 1394 δέ,
1137 1326 1209 1389 ὡς
1246 1327 1414 1393 μόνος
1452 1325 1552 1392 μὲν
1590 1325 1843 1379 ὑλακτῶν

155 1415 322 1468 οὐδὲν
374 1417 652 1484 περαίνοι,
716 1414 832 1469 δέοι
894 1412 955 1468 δὲ
1010 1415 1156 1487 αὐτῷ
1210 1415 1303 1468 καὶ
1362 1416 1691 1484 συμμορίας,
1754 1415 1842 1468 εὑ-

155 1506 330 1574 ρίσκει
384 1506 560 1558 πόνου
618 1506 784 1574 χωρὶς
836 1506 968 1567 τοὺς
1021 1502 1472 1573 συλληψομένους
1534 1504 1669 1574 πρὸς
1728 1512 1843 1566 τοῖς
1865 1525 1910 1558 15

156 1601 444 1662 σοφισταῖς
488 1595 619 1656 τοὺς
664 1593 806 1662 ἀμφὶ
860 1595 991 1656 τοὺς
1041 1593 1282 1662 ποιητάς.
1359 1591 1532 1646 ἐποίει
1583 1592 1645 1646 δὲ
1695 1593 1841 1665 αὐτῷ

154 1684 284 1744 τοὺς
324 1684 630 1752 συνεργοὺς
671 1683 814 1751 λύπη
854 1702 912 1735 τε
949 1683 1041 1736 καὶ
1080 1683 1255 1751 φόβος
1299 1682 1390 1735 καὶ
1430 1683 1668 1751 φθόνος·
1713 1684 1844 1744 τοὺς

154 1771 255 1838 μὲν
317 1771 582 1839 σοφιστὰς
642 1771 844 1838 πάντα,
905 1772 1036 1833 τοὺς
1090 1771 1291 1833 ἄλλους
1353 1770 1415 1823 δὲ
1466 1771 1527 1823 τὸ
1585 1775 1842 1839 φθονεῖν.

156 1867 394 1928 χρῶνται
450 1859 517 1927 δὴ
571 1865 743 1931 καιρῷ
797 1867 862 1930 τῇ
915 1866 1016 1912 τοῦ
1071 1860 1247 1928 δήμου
1298 1860 1481 1929 μανίᾳ,
1534 1859 1606 1927 ἣν
1659 1858 1688 1912 ὁ
1742 1859 1844 1926 μὲν

157 1949 342 2016 ἄρχων
379 1949 710 2018 τραυματίας
747 1949 974 2017 φεύγων
1011 1954 1086 2020 τῷ
1114 1950 1441 2017 Περινθίων
1473 1948 1695 2012 σώζεται
1738 1949 1840 2000 τεί-
1867 1969 1911 2002 2⁰

156 2056 256 2105 χει,
282 2037 649 2104 συλλαβόντες
680 2036 742 2090 δὲ
772 2039 902 2099 τοὺς
935 2035 1494 2105 συκοφαντουμένους
1528 2034 1534 2107 Ι
1571 2038 1624 2090 οἱ
1657 2051 1789 2090 συν-
1812 2049 1855 2093 R
1876 2054 1932 2094 35

161 2126 362 2191 ωμόται
422 2123 809 2195 καθείρξαντες
878 2121 1028 2194 εἶχον
1096 2125 1381 2179 ἀθάνατον
1449 2127 1676 2179 ἔσεσθαι
1743 2127 1845 2195 τὴν

276 2307 299 2344 1
333 2301 463 2345 Prov.
488 2299 620 2345 Bodl.
647 2304 746 2343 364.
774 2299 909 2344 Coisl.
940 2305 1035 2344 124.
1063 2300 1230 2344 Suidas
1256 2315 1290 2344 s.
1308 2315 1347 2344 v.
1375 2300 1461 2357 ἐγὼ
1486 2300 1663 2356 ποιήσω
1687 2300 1844 2345 πάντα

157 2359 276 2403 κατὰ
307 2357 642 2415 Νικόστρατον.
674 2359 863 2403 Anthol.
896 2358 993 2403 Pal.
1028 2359 1070 2402 X
1101 2364 1173 2414 48,
1199 2364 1238 2404 4.
1363 2365 1415 2403 11
1451 2359 1516 2404 Cf.
1550 2360 1729 2417 Eunap.
1761 2359 1841 2404 vit.

157 2423 182 2473 g
208 2424 233 2463 6
357 2423 410 2462 19
444 2433 506 2463 or.
540 2419 619 2462 LX
651 2419 782 2462 t.111
814 2422 914 2473 304,
943 2422 996 2461 19
1021 2418 1063 2461 R

275 2586 299 2624 2
333 2581 416 2638 μὲν
448 2581 514 2626 ἔτι
547 2582 633 2626 οὐκ
665 2579 725 2626 ἂν
756 2582 801 2625 Β
893 2586 919 2624 4
952 2580 1119 2625 ἑαυτοῦ
1153 2595 1265 2626 corr,
1300 2595 1324 2626 e
1350 2589 1546 2626 σεαυτοῦ
1574 2580 1629 2626 0²
1720 2585 1746 2624 8
1773 2578 1839 2626 δι’

155 2665 214 2671 -
247 2644 271 2683 9
301 2641 570 2695 ἀνθρώπων
602 2655 677 2684 om
707 2641 752 2684 L
905 2645 956 2683 11
998 2640 1315 2698 βιβλογράφου
1345 2641 1532 2697 reposui
1571 2654 1596 2684 e
1631 2640 1764 2684 libris
1796 2642 1844 2684 et

155 2698 279 2754 Fen,
310 2701 365 2743 ut
397 2701 662 2743 constanter
723 2698 1057 2758 βιβλιογράφου
1089 2699 1190 2743 Mor
1213 2700 1280 2743 Re
1396 2705 1448 2743 12
1481 2701 1589 2757 post
1616 2698 1844 2774 καμόντος

155 2769 318 2801 rasura
357 2759 553 2802 duarum
590 2758 664 2803 vel
694 2759 836 2802 trium
867 2758 1130 2802 litterarum
1159 2758 1209 2802 in
1239 2761 1285 2803 A
1418 2764 1473 2802 14
1513 2759 1651 2803 οὐδὲν
1683 2775 1742 2802 αν
1762 2759 1841 2802 VL

155 2815 224 2860 Re
286 2815 410 2860 οὐκ
394 2816 453 2862 ἂν
477 2817 578 2861 Μο1·
604 2818 611 2875 1
638 2816 848 2872 περαίνει
871 2818 983 2860 Ferr
1068 2821 1121 2860 16
1147 2818 1272 2878 αυτῷ
1289 2818 1453 2873 scripsi
1477 2831 1501 2862 e
1521 2819 1603 2863 VL
1659 2817 1774 2861 αὐτὸ
1798 2820 1843 2861 Α

158 2875 224 2931 (in
257 2889 347 2931 quo
378 2878 486 2932 post
518 2876 542 2921 ὸ
565 2890 727 2920 rasura
749 2877 887 2919 unius
911 2877 1098 2920 litterae
1149 2863 1274 2922 GP1‘3
1382 2882 1434 2920 17
1463 2877 1572 2928 τοὺς
1595 2877 1844 2933 συνεργοὺς

156 2934 331 2977 inserui
356 2947 381 2978 e
399 2935 480 2979 VL
602 2940 658 2979 20
688 2939 751 2995 τῷ
782 2943 871 2979 τῶν
902 2938 1175 2991 Περινθιων
1206 2936 1318 2979 Fert
1347 2936 1397 2980 in
1428 2949 1561 2993 marg
1591 2936 1693 2979 Mor
1723 2935 1791 2978 Re
