2026 3168
162 124 274 177 314
710 124 938 168 LIBANJI
969 123 1310 169 ORATIONES

162 259 292 330 παρ’
329 259 565 330 Ὁμήρου
605 262 878 330 μαθόντες
923 260 1031 314 ὑπό
1069 280 1127 313 τε
1166 264 1385 330 Λητοῦς
1421 258 1514 315 καὶ
1551 263 1752 332 ταύτης
1786 262 1853 317 ’ἐν

163 349 378 422 μεγάλῳ
432 349 616 422 ἀδύτῳ
666 349 1050 419 ῥωννύμενον·
1127 350 1213 401 32.
1267 357 1365 404 τοῦ
1421 370 1482 418 γε
1543 353 1651 422 μὴν
1713 352 1852 415 ὅλως

164 438 301 508 αὐτῇ
332 438 517 506 μέλειν
549 437 867 507 ἀνθρώπων
896 439 985 491 καὶ
1010 438 1137 491 τόδε
1160 438 1298 507 μέγα
1320 442 1628 510 τεκμήριον.
1677 443 1852 494 θυόν-

162 546 273 579 των
323 529 426 596 γάρ
478 528 615 598 αὐτῇ
663 536 776 580 τῶν
825 526 1144 597 ἀνθρώπων
1194 527 1531 597 ἀνθρώπους
1580 529 1851 596 οἰομένων

117 636 138 668 5
164 616 283 669 δεῖν
298 618 572 683 μεγίστοις
596 615 719 669 ἀντὶ
741 618 1015 683 μεγίστων
1030 624 1211 685 τιμᾶν,
1235 615 1526 685 μετέστησε
1541 618 1640 671 τὸν
1657 620 1849 686 νόμον,

162 702 278 757 ἐπεὶ
324 705 413 758 καὶ
459 703 584 774 παρ’
633 697 718 767 οἷς
765 705 950 771 αἵματι
996 713 1213 770 τιμᾶται
1261 704 1349 758 ἐπὶ
1387 707 1643 778 τοιούτῳ,
1691 710 1849 772 ζῶντι

161 801 377 860 τιμᾶται
417 794 621 860 αἵματι·
686 793 771 845 33.
812 794 844 862 ἡ
885 791 945 846 δὲ
993 794 1130 863 αὐτὴ
1176 792 1268 847 καὶ
1315 795 1716 864 φιλάνθρωπος
1756 794 1848 849 καὶ

162 881 441 951 φιλέλλην.
528 878 705 951 ’ἦλθεν
759 877 863 935 οὗν
916 883 989 945 ὡς
1030 881 1300 951 ’Έλληνας
1353 882 1553 952 ἀφεῖσα
1601 885 1849 947 Σκύθας.

159 969 250 1023 καὶ
289 972 354 1023 τὰ
395 970 499 1023 ἀπὸ
540 972 790 1039 Σελήνης
830 968 890 1023 δὲ
929 970 1140 1040 ἀγαθά,
1183 972 1250 1024 τά
1287 991 1345 1024 τε
1385 973 1462 1035 εἰς
1502 973 1649 1042 φυτὰ
1688 974 1754 1026 τά
1790 991 1849 1026 τε

92 1081 137 1113 1ο
162 1060 239 1122 εἰς
277 1059 633 1129 ἀνθρώπους,
665 1058 981 1129 Ἀρτέμιδος
1020 1061 1189 1128 δόσις,
1219 1059 1320 1113 καὶ
1358 1062 1458 1128 τὴν
1496 1069 1591 1129 τῆς
1623 1059 1850 1130 Ἑκάτης

160 1149 220 1201 δὲ
268 1147 458 1218 ἀρχήν,
520 1150 651 1211 τοὺς
712 1149 977 1217 δαίμονας
1037 1151 1169 1211 τοὺς
1222 1150 1486 1217 πολλούς,
1534 1149 1850 1220 Ἀρτέμιδος

160 1235 333 1306 ἀρχὴν
371 1235 685 1304 νομιστέον·
710 1236 963 1307 ’Ἀρτεμις
1001 1239 1105 1307 γὰρ
1146 1239 1214 1306 δὴ
1252 1236 1343 1290 καὶ
1383 1237 1600 1292 ἐκεῖναι.

270 1326 355 1378 34.
400 1324 761 1395 Ἐπισταμένη
814 1324 875 1379 δὲ
925 1322 987 1379 εὖ
1037 1335 1221 1380 ποιεῖν
1258 1326 1597 1396 ἀνθρώπους
1634 1328 1667 1397 ἡ
1714 1329 1849 1391 θεὸς

158 1412 439 1467 ἐπίσταται
491 1413 583 1467 καὶ
637 1415 886 1479 κολάζειν
940 1414 1300 1484 ἀνθρώπους,
1355 1416 1422 1468 τὰ
1474 1424 1574 1469 τοῦ
1626 1418 1848 1486 πατρός,

90 1524 133 1557 15
159 1499 326 1570 οἶμαι,
365 1511 621 1572 ποιοῦσα,
659 1502 786 1573 παρ’
825 1499 892 1556 οὗ
931 1504 1022 1556 καὶ
1061 1507 1300 1567 πλοῦτος
1337 1503 1428 1557 καὶ
1467 1506 1746 1574 κεραυνοί,
1784 1506 1847 1557 τὸ

157 1592 259 1660 μὲν
282 1600 398 1655 τοῖς
430 1593 681 1661 δικαίοις,
713 1601 830 1655 τοῖς
863 1593 925 1645 δὲ
948 1593 1016 1646 οὐ
1040 1594 1311 1655 τοιούτοις
1341 1594 1403 1646 τὸ
1434 1601 1560 1663 πῦρ.
1623 1591 1710 1646 35.
1743 1593 1847 1664 ὁρᾷ

158 1677 219 1732 δὲ
269 1681 360 1733 καὶ
409 1681 509 1734 τὸν
548 1680 794 1750 ἀδελφὸν
833 1682 995 1750 ἄμφω
1046 1689 1344 1749 ποιοῦντα,
1385 1682 1564 1750 ὥσπερ
1606 1681 1694 1734 ἐπὶ
1733 1691 1847 1735 τῶν

155 1769 586 1838 πολεμησάντων
615 1779 729 1832 τοῖς
760 1768 977 1840 Τρωσὶν
1007 1770 1146 1839 ὑπὲρ
1178 1778 1274 1838 τῆς
1299 1768 1518 1839 Ἑλένης
1551 1769 1846 1839 Ἑλλήνων,

157 1851 240 1920 οἷς
279 1860 475 1925 λοιμὸν
513 1857 741 1926 ἐνέβαλέ
775 1878 832 1911 τε
871 1858 963 1911 καὶ
1010 1861 1169 1911 ἔλυσε
1215 1859 1313 1912 τὸν
1351 1859 1539 1927 αὐτόν,
1588 1857 1846 1929 ἑκάτερον

89 1968 132 2000 20
155 1953 229 2019 τῷ
250 1947 384 2015 ἱερεῖ
405 1947 782 2015 χαρισάμενος,
805 1948 906 2015 τὴν
928 1947 1030 2015 μὲν
1053 1949 1239 2015 νόσον,
1265 1946 1449 2016 ἐπειδὴ
1474 1947 1723 2017 ὕβριστο,
1743 1950 1846 2017 τὴν

66 2047 108 2091 R
133 2052 219 2090 234
251 2031 312 2087 δὲ
340 2034 676 2104 ἀπαλλαγήν,
705 2034 710 2105 Ι
738 2034 926 2104 ἐπειδὴ
953 2037 1053 2104 τὴν
1075 2037 1245 2090 παῖδα
1276 2035 1578 2105 ἀπειλήφει.
1625 2037 1710 2089 36.
1735 2056 1847 2090 τοι-

158 2131 295 2175 αῦτα
335 2123 402 2192 δὴ
441 2122 532 2176 καὶ
571 2125 637 2177 τὰ
674 2132 770 2193 τῆς
802 2123 1135 2194 Ἀρτέμιδος·
1183 2125 1216 2193 ἣ
1255 2123 1572 2195 παρέπεμψε
1610 2125 1711 2191 μὲν
1751 2126 1844 2178 διὰ

276 2334 299 2372 1
331 2328 382 2371 Π.
418 2345 438 2373 ε
470 2333 556 2372 447
689 2334 714 2373 5
740 2329 845 2372 Eur.
870 2329 969 2385 Iph.
989 2328 1039 2373 T.
1069 2333 1182 2373 1460
1276 2320 1278 2323 ’
1317 2334 1341 2372 7
1368 2342 1429 2372 or.
1456 2330 1476 2372 Ι
1502 2334 1526 2382 5
1553 2334 1608 2372 23
1633 2345 1676 2386 p.
1698 2334 1766 2384 93,
1787 2333 1839 2373 15

276 2392 329 2431 18
361 2388 412 2430 Il.
447 2405 477 2431 α
510 2392 536 2431 8
556 2403 621 2444 sq.

276 2585 298 2622 1
335 2577 534 2635 Ὁμήρου
575 2580 620 2623 Β
675 2580 757 2624 sed
797 2596 851 2623 ov
890 2581 940 2624 in
978 2594 1053 2623 ras
1145 2578 1299 2635 ὁμήρω
1339 2580 1433 2623 ΙΜ
1484 2608 1496 2622 κ
1586 2584 1611 2622 6
1652 2579 1728 2623 ἐπὶ
1768 2593 1842 2622 0111

164 2640 298 2684 VUP
325 2639 406 2682 sed
437 2639 487 2681 in
517 2638 605 2682 hoc
636 2652 798 2682 rasura
822 2644 847 2682 3
874 2639 947 2683 vel
969 2644 997 2681 4
1021 2639 1284 2682 litherarum
1351 2639 1459 2694 post
1480 2638 1673 2696 τσιούτῳ
1697 2638 1842 2682 inter-

154 2698 301 2754 punxi
333 2711 438 2740 cum
471 2698 636 2751 VBM,
680 2700 786 2753 post
816 2706 1004 2754 τιμᾶται
1033 2697 1203 2753 reliqui
1234 2696 1345 2740 libri
1376 2697 1467 2740 edd
1541 2703 1730 2752 τιμᾶται
1762 2697 1843 2751 ἔτι,

154 2760 218 2816 τῷ
249 2763 339 2800 τῶν
371 2756 552 2809 ζώντων
583 2764 770 2812 τιμᾶται
810 2774 969 2813 αιματι
1002 2756 1158 2800 Gasda
1308 2760 1333 2799 9
1366 2754 1520 2812 gravis
1562 2768 1702 2811 supra
1734 2774 1766 2799 α
1796 2758 1844 2799 et

157 2802 200 2858 ἀ
218 2815 268 2858 111
299 2832 356 2858 τα
388 2815 482 2859 ἀπὸ
513 2816 562 2859 in
594 2828 668 2858 ras
693 2816 766 2860 12⁸
801 2817 806 2871 1
841 2816 933 2860 ὑπὸ
968 2818 1012 2861 U
1039 2817 1045 2875 Ι
1080 2816 1131 2860 δὲ
1164 2829 1239 2858 0111
1263 2815 1403 2859 ΙΒΜ
1535 2819 1590 2857 10
1623 2813 1774 2866 δόσεις
1798 2815 1843 2858 Β

219 2879 272 2917 13
306 2871 352 2919 δ’
381 2874 493 2918 ΒΜ
610 2879 664 2917 18
695 2881 776 2931 τῆς
806 2889 882 2918 om
906 2876 1017 2919 ΒΜ
1055 2875 1060 2932 Ι
1103 2873 1283 2930 ἑλλένης
1309 2874 1347 2918 C
1465 2878 1518 2916 19
1551 2873 1684 2930 λιμὸν
1707 2874 1784 2916 ΙΒ

157 2938 210 2975 21
248 2933 494 2989 ἐπειδήπερ
527 2932 774 2990 ἀπειλήφει
804 2934 888 2990 τὴν
919 2935 1070 2978 παῖδα
1105 2933 1148 2976 V
