2026 3168
668 149 895 193 LIBANII
927 147 1268 193 ORATIONES
1705 149 1809 202 169

130 284 344 339 ἐκείνου
390 285 478 338 καὶ
526 286 707 352 λόγων
755 285 993 353 ἡγοῦντό
1030 304 1088 337 τε
1137 283 1341 338 οὐδένα
1380 283 1568 356 ἐκείνῳ
1608 286 1810 353 προσό-

127 393 289 440 μοιον
326 373 433 426 ὑπὸ
472 381 567 442 τῆς
606 373 824 436 ἀκτῖνος
854 372 1167 443 ἐφορᾶσθαι
1207 380 1307 426 τοῦ
1338 378 1494 426 θεοῦ.
1560 373 1679 426 189.
1719 372 1810 426 καὶ

127 463 427 530 διείλεγμαι
482 461 570 529 δέ,
626 469 756 524 ἴσως
802 462 870 514 οὐ
924 462 1178 530 φαύλως,
1238 461 1363 531 περὶ
1418 461 1589 514 αὐτοῦ
1644 463 1811 529 λόγον

127 551 428 604 ἀπελθόντι
481 553 733 619 ποιήσας,
785 551 922 603 ὥστε
969 546 1111 603 εἶναι
1158 558 1272 613 τοῖς
1313 551 1320 618 Ι
1364 547 1548 603 ἔπειτα
1586 570 1720 619 μαν-
1750 563 1792 606 R
1816 567 1897 606 122

126 639 343 706 θάνειν,
399 631 512 701 οἶός
561 659 643 701 τις
691 635 775 707 ἧν.
851 640 913 692 τὸ
968 637 1018 691 δ’
1079 635 1183 692 οὖν
1236 647 1331 708 τῆς
1386 640 1558 708 λύπης
1610 638 1811 709 μέτρον

124 725 462 790 ἐξεπίσταται
500 728 844 796 Εὐμόλπιος,
892 727 950 790 ὅς
995 747 1089 795 μοι
1134 732 1576 798 παρακολουθῶν
1614 727 1811 798 ἐπανή-

125 836 257 883 γαγε
279 817 378 870 τὸν
401 824 541 870 νοῦν
562 815 655 869 ὑπ’
685 817 851 884 αὐτῆς
882 815 1313 883 ἐξελαυνόμενον
1336 816 1571 886 διεξιών,
1604 817 1811 871 ὁπόσον

124 924 178 957 τι
217 905 495 977 ἀνθρώπῳ
534 907 595 959 τὸ
636 915 1017 975 παραφρονεῖν
1054 908 1240 959 κακόν.

240 993 358 1046 190.
421 996 495 1046 Τί
542 993 633 1058 δέ;
683 995 757 1046 τὰ
801 993 948 1062 περὶ
997 995 1112 1047 τὸν
1160 997 1456 1062 Σαβῖνον
1506 996 1580 1048 οὐ
1627 997 1810 1065 καλάς

125 1081 240 1151 τάχ’
286 1082 356 1135 ἂν
407 1085 585 1153 ἔροιτο
636 1083 669 1151 ἡ
717 1084 884 1152 Τύχη·
934 1083 1082 1136 πάνυ
1132 1102 1207 1151 γε.
1286 1083 1314 1136 ὁ
1354 1080 1416 1136 δὲ
1454 1078 1525 1152 ἦν
1574 1080 1676 1151 μὲν
1727 1082 1809 1137 ἀεὶ

125 1172 291 1234 κακὸς
335 1179 447 1225 πᾶν
496 1170 566 1224 ἂν
611 1172 901 1241 χρημάτων
947 1172 1129 1225 εἵνεκα
1174 1174 1480 1241 γινόμενος,
1517 1171 1693 1241 ἥδιστ’
1741 1171 1812 1227 ἂν

125 1261 271 1330 παρὰ
316 1259 582 1329 βασιλέως
629 1260 922 1330 εὑρόμενος
960 1258 1164 1324 ἐξεῖναί
1201 1262 1254 1314 οἱ
1292 1266 1536 1315 πλοῦτον
1574 1261 1680 1315 ἀπὸ
1720 1262 1812 1315 τά-

125 1369 250 1418 φων
289 1348 553 1418 ἀγείρειν
600 1347 917 1417 ἐξηπατήκει
966 1346 1027 1402 δὲ
1066 1352 1195 1412 τοὺς
1232 1352 1471 1413 πολλοὺς
1512 1351 1602 1403 καὶ
1642 1345 1712 1418 ἧν
1750 1350 1812 1404 ἐν

127 1435 257 1507 δόξῃ
296 1439 362 1490 τά
400 1447 589 1507 πρῶτα
626 1440 887 1506 βελτίονι,
928 1438 1065 1491 ὥστε
1102 1437 1195 1491 καὶ
1241 1435 1383 1508 ἦσαν
1422 1441 1477 1492 οἳ
1513 1437 1812 1509 περιῄεσαν

125 1527 192 1580 τὰ
213 1526 476 1579 κάλλιστα
500 1526 647 1598 αὐτῷ
665 1535 778 1580 τῶν
801 1526 1087 1593 ὀνομάτων
1111 1526 1480 1591 ἀνατιθέντες.
1542 1528 1661 1580 191.
1696 1528 1724 1581 ὁ
1750 1525 1811 1581 δὲ

126 1615 229 1668 οὐκ
283 1616 388 1684 ἄρα
435 1611 507 1682 ἣν
552 1614 763 1682 ἀγαθὸς
811 1616 846 1684 ἤ
895 1635 955 1669 τε
1005 1619 1177 1685 σοφία
1225 1617 1395 1669 αὐτοῦ
1442 1615 1813 1670 πιστευθέντα

127 1703 382 1772 ἀδικῆσαι
421 1705 487 1756 τὰ
525 1700 627 1770 μὲν
663 1703 842 1774 τέχνῃ,
881 1705 947 1758 τὰ
986 1701 1047 1757 δὲ
1085 1703 1176 1758 καὶ
1218 1704 1486 1777 ἀναιδείᾳ,
1526 1706 1662 1759 ὥστε
1704 1706 1809 1775 ἤδη

126 1813 178 1845 τι
225 1793 434 1861 λαβών,
482 1793 555 1855 ὡς
601 1792 929 1862 ἀποδώσων,
977 1792 1038 1846 ἐν
1083 1793 1229 1866 μέσῳ
1276 1797 1492 1862 μυρίων
1537 1794 1812 1864 ὀμμάτων,

127 1875 243 1933 εἷτα
280 1882 555 1950 ἠρνήσατο
596 1879 688 1934 ἐπί
722 1902 780 1934 τε
819 1883 1084 1951 δικαστὴν
1121 1878 1218 1950 ἧκε
1264 1893 1377 1936 τῶν
1414 1884 1627 1936 ἅπαντα
1670 1884 1811 1937 εἰδό-

126 1989 238 2022 των
292 1969 821 2039 ἀποθαυμαζόντων,
883 1973 1054 2038 λόγου
1109 1968 1171 2024 δὲ
1221 1971 1468 2042 ἀπορῶν,
1519 1972 1621 2024 οὐκ
1672 1975 1812 2041 ἔχων

127 2065 391 2127 κρατῆσαι
415 2065 513 2110 τοῦ
539 2059 776 2127 δικαίου,
800 2060 1144 2126 πλασάμενος
1169 2061 1521 2114 σκοτοδινιᾶν
1551 2059 1810 2129 ἐξελθών,

129 2147 201 2208 ὡς
241 2147 309 2215 δὴ
348 2146 557 2209 εὐθέως
597 2146 742 2214 ἥξων
780 2143 946 2210 αὖθις
986 2146 1072 2200 ἐπὶ
1111 2149 1212 2217 τὴν
1258 2150 1435 2218 δίκην,
1475 2149 1680 2217 ἀναβὰς
1725 2147 1810 2201 ε’πὶ

250 2326 303 2364 12
336 2319 602 2379 εὑρόμενος]
642 2322 715 2365 ἀεὶ
747 2322 797 2366 τὸ
829 2329 1041 2367 τοιοῦτον
1071 2323 1339 2379 παθητικὸν
1371 2324 1447 2368 ἐπὶ
1477 2331 1609 2381 τιμῆς
1637 2323 1811 2383 λαμβά-

128 2376 631 2483 νεται,ἵέιένῐξῧρετο
664 2379 924 2424 ἀτέλειαν
954 2381 1106 2437 παρὰ
1141 2383 1363 2441 βασιλεῖ
1389 2383 1470 2426 καὶ
1502 2382 1693 2439 εὕρετο
1726 2382 1811 2441 γέ-

128 2456 227 2494 ρας
256 2455 282 2482 τ

248 2606 270 2644 1
306 2599 506 2655 ἐκείνου,
547 2601 629 2645 sed
659 2603 760 2646 tota
790 2616 877 2645 vox
907 2604 1130 2646 renovata
1160 2604 1206 2648 A
1355 2609 1382 2647 4
1421 2601 1496 2649 ἐπ’
1533 2606 1641 2648 ante
1673 2605 1812 2648 ἀπελ·

128 2657 267 2703 θόντι
298 2660 499 2704 inserere
530 2661 631 2703 vult
661 2661 743 2715 Re,
775 2660 973 2705 fortasse
1000 2663 1125 2705 recte
1233 2667 1257 2706 6
1291 2662 1491 2721 ἐπανῆγε
1511 2665 1554 2708 V
1647 2668 1674 2707 8
1705 2665 1812 2719 post

129 2716 275 2762 κακόν
310 2719 479 2763 lacuna
517 2725 544 2763 4
582 2720 845 2764 lissterarum
887 2721 926 2764 G
1083 2725 1134 2764 11
1175 2721 1420 2779 χρημάτων
1460 2721 1633 2779 εἵνεκα]
1675 2721 1811 2767 ἕνεκα

129 2776 374 2834 χρημάτων
405 2780 450 2822 Β
493 2781 499 2834 Ι
542 2777 677 2823 ἕνεκα
707 2780 838 2824 AGP
873 2780 983 2823 Fen·
1025 2780 1031 2836 Ι
1079 2780 1325 2837 γενόμενος
1362 2783 1406 2825 L
1443 2782 1555 2825 Ferr
1590 2782 1640 2824 in
1678 2795 1813 2838 marg

130 2835 233 2879 Mor
336 2841 388 2879 12
421 2837 729 2894 ἐρευνώμενος
759 2839 803 2883 L
903 2843 956 2881 13
990 2836 1182 2893 ἐγείρειν
1213 2841 1257 2885 L
1351 2845 1404 2884 18
1438 2839 1677 2896 ὀνομάτων
1708 2841 1752 2885 L

128 2898 195 2996 12ss
220 2896 711 2996 qnoggffwtffcvsscripsi
743 2898 930 2941 auctore
964 2896 1135 2941 Cobeto
1162 2897 1272 2943 Coll.
1299 2913 1343 2955 p.
1371 2903 1455 2942 282
1518 2897 1812 2945 σκοτοδινίαν

147 2968 164 2996 1
198 2967 238 2995 n
270 2966 293 2995 e

1857 659 1877 691 5

1835 1104 1878 1138 10

1836 1550 1878 1582 15

1835 1993 1879 2025 20
