2026 3168
738 150 965 195 LIBANII
996 148 1336 195 ORATIONES
1770 149 1874 201 307

197 294 380 356 τοῦτο,
418 287 506 340 καὶ
546 285 843 355 ἐβάλλοντο
884 287 1043 339 ἄλλαι
1082 283 1163 338 ἐπ’
1211 285 1400 348 ἄλλαις
1438 283 1660 354 μελέτης
1700 285 1881 338 εἵνεκα

196 383 291 444 τῆς
321 376 446 445 περὶ
476 377 577 444 τὴν
600 374 833 445 τοξικήν.
869 375 875 444 Ι
909 382 1072 428 τοῦτο
1105 374 1173 443 δὴ
1205 376 1458 442 φαίνεται
1491 374 1787 442 πεποιηκὸς
1817 386 1860 429 R
1884 390 1967 430 227

195 463 287 518 καὶ
341 465 440 517 τὸν
482 462 715 518 Ἀπόλλω
770 463 1015 532 τοξότην,
1069 463 1101 532 ἡ
1152 464 1376 531 μίμησις
1427 470 1522 531 τῆς
1556 461 1880 532 Ἀρτέμιδος,

197 553 333 606 ὥστε
373 558 454 621 εἴη
487 552 627 621 (ἂν)
648 551 957 622 Ἀρτέμιδος
977 551 1252 605 Ἀπόλλων
1291 550 1352 604 ἐν
1390 550 1576 621 τοξικῇ
1615 554 1878 620 μαθητής.

308 642 355 694 8.
412 641 700 711 Αὐξομένη
755 638 815 694 δὲ
862 643 894 710 ἡ
947 642 1080 703 θεὸς
1133 641 1320 694 κάλλει
1365 660 1423 693 τε
1468 642 1740 709 ἤστραπτε
1787 638 1879 693 καὶ
1925 661 1945 693 5

194 727 396 799 ἔφευγε
445 732 624 800 γάμον
674 731 763 783 καὶ
814 731 968 799 ὤμνυ
1008 730 1109 798 τὴν
1146 737 1247 782 τοῦ
1297 730 1501 799 πατρὸς
1550 729 1797 798 κεφαλὴν
1846 724 1879 796 ἧ

193 820 303 887 μὴν
341 817 623 887 παρθένος
660 826 863 885 μενεῖν.
932 824 1031 870 τοῦ
1071 817 1172 884 μὲν
1211 812 1316 870 οὖν
1352 816 1587 879 κάλλους
1627 818 1785 870 ἄλλοι
1822 837 1880 870 τε

192 906 414 976 ποιηταὶ
453 907 726 977 μάρτυρες
759 907 848 959 καὶ
883 906 912 959 ὁ
946 906 1266 974 σοφώτατος
1291 902 1544 975 Ὅμηρος,
1582 913 1746 958 τοῦτο
1779 902 1880 972 μὲν

192 997 294 1065 τὴν
310 994 555 1049 Ἀλκίνου
587 994 871 1065 θυγατέρα
901 1002 965 1064 τῇ
995 995 1198 1061 ταύτης
1228 995 1399 1046 εἰκόνι
1431 996 1677 1062 τιμήσας,
1712 1001 1876 1047 τοῦτο

192 1085 254 1138 δὲ
292 1086 394 1153 τὴν
425 1083 681 1152 Ἰκαρίου,
720 1081 989 1154 προσθεὶς
1026 1091 1090 1153 τῇ
1118 1081 1388 1151 Ἀρτέμιδι
1426 1083 1528 1151 τὴν
1548 1081 1878 1152 Ἀφροδίτην

141 1235 143 1237 ,
192 1174 269 1236 εἰς
310 1178 434 1226 ἴσον
472 1182 597 1226 ταῖν
633 1178 798 1225 θεαῖν
837 1173 989 1240 ἄγων
1027 1173 1094 1224 τὰ
1124 1172 1312 1239 κάλλη.
1375 1171 1422 1223 9.
1465 1171 1791 1239 Παρθένιόν
1821 1191 1878 1224 τε

192 1263 294 1315 τὸν
323 1261 384 1315 ἐν
421 1263 753 1330 Παφλαγόσι
783 1261 1031 1330 ποταμὸν
1062 1262 1195 1313 ὄντα
1225 1260 1398 1312 καλὸν
1428 1260 1597 1313 καλὸν
1629 1261 1698 1328 δὴ
1738 1256 1879 1313 εἶναι

193 1353 373 1419 λόγος,
413 1351 498 1404 ὅτι
529 1351 767 1420 λουτρὸν
787 1348 1055 1419 Ἀρτέμιδι
1087 1348 1318 1416 γένοιτο.
1379 1355 1479 1400 τοῦ
1511 1368 1574 1416 γε
1604 1349 1713 1416 μὴν
1745 1347 1878 1401 ἄπο-

193 1439 514 1510 διδράσκειν
552 1440 653 1507 τὴν
689 1439 828 1507 πρὸς
865 1439 926 1491 τὸ
965 1439 1134 1507 ἄρρεν
1172 1440 1474 1490 κοινωνίαν
1510 1437 1720 1507 μάρτυς
1764 1438 1878 1490 ἱκα-

191 1529 285 1591 νὸς
336 1527 364 1581 ὁ
416 1528 689 1596 δυστυχὴς
721 1526 923 1596 Ὠρίων
971 1529 1217 1597 σκορπίῳ
1267 1524 1616 1595 κατενεχθεὶς
1662 1525 1692 1579 ὁ
1731 1529 1877 1595 τηλι-

189 1623 410 1685 κοῦτος,
457 1615 645 1684 ἐπειδὴ
690 1611 768 1669 ὧν
808 1615 911 1669 οὐκ
950 1614 1078 1683 ἐξῆν
1115 1616 1327 1684 ἥπτετο.
1408 1615 1489 1667 10.
1529 1609 1631 1683 τὴν
1667 1615 1770 1681 μὲν
1809 1616 1876 1684 δὴ

1903 1105 1946 1138 10

1902 1548 1943 1581 15

182 1703 427 1773 Ἀθηνᾶν
480 1701 647 1758 οὐδὲν
699 1705 1027 1770 θαυμαστὸν
1079 1703 1367 1772 παρθένον
1426 1702 1650 1756 ἑλέσθαι
1714 1698 1875 1770 εἷναι,
1936 1767 1941 1771 .

189 1801 378 1861 φῦσαν
416 1791 475 1846 ἐκ
513 1795 690 1860 μόνου
729 1800 829 1846 τοῦ
869 1794 1092 1861 πατρός,
1131 1793 1164 1861 ἡ
1205 1789 1266 1844 δὲ
1305 1791 1364 1845 ἐκ
1395 1793 1575 1860 γάμου
1608 1791 1873 1860 γενομένη

307 1973 332 2012 6
365 1967 498 2012 Hom.
532 1968 576 2011 h.
609 1968 658 2011 in
682 1968 796 2011 Ven.
830 1972 884 2011 26
904 1983 969 2024 sq.
1108 1972 1133 2010 8
1167 1965 1251 2010 Od.
1284 1970 1309 2020 ζ
1333 1971 1415 2010 102
1554 1971 1608 2010 10
1642 1967 1723 2011 Od.
1753 1984 1778 2023 ρ
1805 1972 1872 2011 37.

188 2043 212 2070 τ
245 2031 314 2071 54.
460 2032 511 2070 11
546 2027 597 2071 Il.
632 2029 660 2085 β
690 2031 776 2071 854
921 2032 974 2071 15
1009 2026 1284 2084 [Eratosth]
1317 2025 1490 2070 Catast.
1525 2031 1594 2069 32.
1659 2026 1780 2070 Serv.
1814 2027 1874 2070 ad

191 2086 305 2130 Aen.
330 2085 350 2129 I
376 2091 473 2129 535.
537 2086 708 2130 Lucan.
733 2086 796 2129 IX
817 2090 916 2130 836.
980 2085 1063 2129 Od.
1090 2088 1113 2129 λ
1138 2090 1222 2129 572

310 2253 332 2291 1
360 2248 492 2292 ἄλλαι
516 2245 590 2293 ἐπ’
620 2248 779 2298 ἄλλαις
802 2247 966 2305 scripsi
992 2248 1259 2291 auctoribus
1283 2247 1492 2291 Iacobsio
1518 2247 1751 2304 (Philostr.
1772 2252 1870 2292 562.

191 2307 420 2351 Seebodes
444 2307 797 2351 Krit.Bib1.111
822 2313 861 2362 1,
879 2312 978 2352 457.
1023 2307 1169 2351 Leott.
1197 2306 1323 2350 Stob.
1352 2310 1452 2363 104)
1484 2309 1532 2350 et
1554 2306 1871 2350 MSchmidtio

190 2366 357 2410 Philol.
383 2366 424 2409 X
449 2370 535 2410 590
597 2366 755 2417 ἄλλαις
784 2369 976 2418 πολλαῖς
1006 2365 1116 2409 libri
1147 2366 1259 2419 edd,
1292 2365 1383 2408 nisi
1408 2366 1532 2422 quod
1564 2365 1613 2409 in
1647 2367 1691 2410 V
1716 2365 1875 2417 ἄλλαις

187 2441 246 2469 111.
280 2439 369 2469 rec
421 2427 463 2482 q)
495 2426 543 2468 in
584 2423 743 2476 ἄλλαις
783 2438 884 2469 corr
914 2428 961 2469 et
992 2425 1042 2468 in
1079 2439 1214 2481 marg
1245 2424 1533 2481 adseripbum
1565 2426 1655 2468 est.
1700 2423 1838 2499 ἄλλη..
1841 2425 1871 2481 ᾗ

185 2483 337 2541 πλάνη
413 2485 567 2535 άλλοις
595 2486 781 2534 πολλοῖς
812 2484 917 2528 coni
948 2484 1050 2528 Mor
1170 2489 1194 2527 2
1228 2484 1278 2527 δὲ
1311 2485 1346 2527 Ι
1467 2488 1493 2526 4
1526 2479 1648 2527 εἶναι
1689 2485 1732 2527 V
1763 2484 1769 2539 Ι
1812 2481 1873 2529 ἂν

183 2544 358 2587 inserui
383 2556 438 2587 ex
462 2545 611 2597 IBM,
644 2544 769 2599 quod
793 2543 936 2587 etiam
962 2543 1164 2587 Sintenis
1190 2543 1350 2587 deesse
1375 2542 1619 2587 adnotavit
1645 2543 1651 2602 Ι
1673 2540 1871 2587 Ἀπόλλω

195 2603 238 2646 V
266 2603 271 2660 Ι
307 2602 522 2659 μαθητήν
549 2603 592 2646 V
714 2608 739 2646 5
772 2602 1006 2658 ἤστραπτο
1031 2603 1077 2646 Β
1200 2606 1223 2645 7
1256 2609 1409 2658 μενεῖν
1441 2616 1466 2646 e
1497 2600 1650 2658 μένειν
1684 2616 1786 2646 corr
1807 2603 1873 2646 12³

185 2661 289 2705 coni
313 2661 414 2705 Mor
489 2659 642 2717 μένειν
669 2662 966 2707 CAPUVIB
989 2661 1100 2704 Ferr
1123 2661 1225 2705 Mor
1259 2661 1266 2720 Ι
1299 2677 1347 2706 τε
1370 2662 1531 2705 πολλοὶ
1556 2662 1601 2705 Β
1707 2665 1734 2704 8
1759 2660 1872 2716 μάρ-

184 2736 316 2775 τυρες
352 2721 542 2776 ποιηταὶ
567 2721 677 2765 ΒΜ
823 2726 847 2763 9
881 2719 964 2776 τὴν
996 2728 1078 2764 τοῦ
1109 2717 1300 2765 ἀλκίνου
1332 2721 1475 2765 ΙΒΜ
1636 2716 1871 2763 Ἀλκινόου

185 2779 287 2822 Mor
317 2778 366 2822 in
397 2793 530 2837 marg
652 2784 713 2823 12
738 2776 1053 2840 Παφλαγονίᾳ
1077 2779 1144 2823 Re
1180 2782 1187 2837 Ι
1223 2778 1354 2838 ὄντα]
1337 2777 1522 2838 λ]όγος
1552 2737 1674 2824 εἶναι
1698 2779 1868 2836 ΙΒΜΙ

186 2840 209 2880 λ
241 2838 288 2881 111
321 2838 463 2882 καλὸν
495 2841 556 2895 (2)
588 2838 636 2881 111
668 2852 743 2882 ras
774 2854 833 2881 111.
866 2825 1052 2895 1θο.ῘῘΙ
1081 2837 1138 2894 δὴ
1171 2838 1335 2895 scripsi
1368 2840 1556 2882 auctore
1588 2837 1743 2881 Gasda
1819 2779 1870 2881 δὲΙ

185 2896 295 2940 libri
328 2897 432 2949 edd,
465 2897 713 2940 delendum
747 2897 927 2941 censuit
949 2898 1018 2941 Re
1087 2895 1196 2942 δέον
1227 2897 1496 2941 MSehmidt
1525 2896 1691 2940 Philol.
1717 2897 1758 2939 X
1785 2901 1869 2940 635

249 2931 496 3000 καλεῖσθαι
527 2970 611 3012 pro
644 2956 786 3000 καλὸν
820 2955 870 3001 δὲ
903 2952 1024 3001 εἶναι
1056 2956 1161 3000 coni
1209 2956 1412 3000 Sintenis
1564 2961 1618 2999 15
1651 2953 1802 3011 ὡρίων
1837 2957 1875 3000 Ο

1516 3030 1602 3072 20*
