2026 3168
645 139 873 183 LIBANH
904 138 1245 184 ORATIONES
1684 139 1712 190 1
1720 140 1749 191 7
1755 139 1788 192 5

112 275 384 344 βασιλέων
436 277 608 346 τιμαί,
662 280 897 338 πλοῦτος
948 275 1050 343 μὲν
1103 276 1207 344 γὰρ
1263 275 1364 328 οὐκ
1419 273 1651 343 ἐγένετο,
1702 274 1793 328 καὶ

108 366 206 419 τὸν
240 363 246 436 Ι
284 365 471 432 Γύγου
511 361 572 416 δὲ
610 374 784 417 νικῶν
822 365 1016 432 ἡττᾶτο
1055 362 1125 416 ἂν
1163 371 1263 416 τοῦ
1303 364 1535 426 πάθους.
1734 375 1777 418 Β,
1798 379 1881 419 129

220 452 342 505 205.
382 454 580 506 Καίτοι
612 451 702 505 καὶ
735 451 797 506 ἐν
827 453 1018 514 αὐταῖς
1039 453 1267 514 ταύταις
1297 463 1414 514 ταῖς
1444 460 1543 505 τοῦ
1574 453 1795 514 πάθους

109 541 334 611 ἡμέραις
373 540 460 594 ἀπ’
507 539 677 610 ἔργου
715 542 879 594 τοῦδε
909 542 1231 607 θαυμαστὸς
1265 540 1499 594 ἐδόκουν
1531 537 1673 593 εἶναι
1704 541 1794 593 καὶ

111 631 220 698 ἅμα
257 630 536 700 μακάριος.
614 630 974 683 ἀπολελαύκει
1020 626 1122 696 μὲν
1165 629 1231 682 οὐ
1271 637 1509 699 χρηστοῦ
1548 637 1647 682 τοῦ
1686 649 1795 699 χει-
1842 651 1861 684 5

112 728 293 789 μῶνος
332 718 364 788 ἡ
405 727 492 787 γῆ,
531 718 861 789 μετριωτέρα
901 715 962 772 δὲ
1002 715 1170 771 οὐδὲν
1199 718 1233 787 ἡ
1269 716 1380 787 μετ’
1421 717 1634 771 ἐκεῖνον
1666 718 1794 787 ὥρα.

111 817 337 878 καρπῶν
376 804 438 860 δὲ
477 817 588 861 τῶν
626 804 728 875 μὲν
766 806 886 861 οὐδ’
933 807 1285 876 ἀναφύντων,
1323 817 1434 860 τῶν
1473 804 1534 860 δὲ
1573 808 1646 870 ὡς
1685 807 1796 860 ὀλι-

114 898 321 965 γίστων
358 895 447 949 καὶ
489 894 620 949 οὐδὲ
660 897 845 950 αὐτῶν
881 896 1076 965 ὑγιῶν,
1116 896 1393 965 ἐκεκίνητο
1432 893 1534 963 μὲν
1572 895 1660 949 ἐπὶ
1696 897 1796 965 τὴν

112 987 322 1053 βουλὴν
369 985 398 1038 ὁ
440 987 610 1054 δῆμος
649 984 838 1038 οὐδενὶ
879 987 1097 1058 δικαίῳ,
1137 986 1219 1039 οὐ.
1247 987 1352 1054 γὰρ
1393 986 1460 1053 δὴ
1500 987 1725 1054 ὄμβρων
1762 985 1795 1052 ἡ

113 1075 288 1142 βουλὴ
333 1077 523 1143 κυρία,
571 1082 729 1127 σῖτον
776 1071 837 1126 δὲ
885 1075 938 1126 οἱ
986 1075 1247 1143 ἄρχοντες
1288 1075 1639 1142 πανταχόθεν
1678 1072 1797 1126 ε’κά-
1822 1066 1864 1127 ιο

114 1166 267 1231 λουν,
323 1164 378 1216 αἱ
438 1161 589 1230 τιμαὶ
644 1159 704 1215 δὲ
758 1171 873 1225 τοῖς
927 1164 1111 1232 ἄρτοις
1165 1161 1251 1216 ἐπὶ
1305 1163 1366 1215 τὸ
1422 1161 1591 1215 πλέον
1644 1158 1796 1230 ἧκον.

114 1251 236 1304 206.
289 1252 588 1322 Φιλάγριος
627 1251 712 1319 δέ,
761 1251 896 1321 ἀνὴρ
944 1250 1321 1320 ἐνδοξότατος,
1360 1250 1448 1304 ἐπὶ
1493 1251 1591 1303 τὸν
1637 1252 1796 1317 μείζω

114 1342 329 1409 θρόνον
380 1341 555 1408 ἥκων,
608 1343 833 1410 κρείττω
887 1341 988 1407 μὲν
1043 1341 1145 1393 οὐκ
1199 1342 1338 1409 ἔχων
1390 1341 1457 1392 τὰ
1510 1340 1798 1408 πράγματα

113 1436 360 1499 ποιῆσαι,
399 1428 627 1497 ἀγαπῶν
666 1428 744 1497 δέ,
784 1430 836 1481 εἰ
870 1430 942 1497 μὴ
991 1431 1329 1498 φαυλότερα,
1367 1429 1660 1498 παρεκάλει
1697 1425 1798 1495 μὲν

114 1518 174 1570 τὸ
221 1526 332 1570 τῶν
380 1526 676 1570 σιτοποιῶν
722 1515 890 1580 ἔθνος
937 1511 1080 1570 εἶναι
1127 1515 1519 1587 δικαιοτέρους,
1559 1516 1798 1585 ἀνάγκας
1824 1537 1864 1570 15

118 1603 178 1658 δὲ
234 1606 335 1659 οὐκ
390 1605 524 1678 ᾤετο
581 1607 700 1659 δεῖν
755 1605 1002 1675 ἐπάγειν,
1065 1607 1259 1669 δεδιὼς
1311 1607 1412 1675 τὴν
1465 1605 1553 1659 ἐπὶ
1607 1610 1800 1658 πλεῖον

117 1694 449 1764 ἀπόδρασιν,
497 1687 539 1767 ᾧ
571 1693 642 1747 ἂν
680 1695 854 1758 εὐθὺς
903 1693 1212 1764 ἐβαπτίζετο
1251 1695 1313 1747 τὸ
1354 1696 1508 1763 ἄστυ,
1547 1695 1797 1763 καθάπερ

116 1790 253 1845 ναῦς
299 1781 638 1836 ἐκλιπόντων
691 1792 801 1837 τῶν
846 1792 1080 1837 ναυτῶν.
1166 1783 1289 1836 207.
1345 1782 1589 1836 ἐνταῦθα
1635 1784 1688 1836 οἱ
1734 1791 1799 1853 τῇ

27 1924 35 1927 ,
121 1871 250 1942 δόξῃ
290 1881 400 1924 τῶν
440 1871 500 1924 ἐν
538 1881 656 1934 ταῖς
696 1872 885 1942 ἀρχαῖς
924 1872 1261 1941 ρηγνύμενοι
1293 1872 1391 1924 τὸν
1422 1872 1598 1940 ἄνδρα
1628 1870 1799 1941 ὁρῶν-
1825 1892 1866 1925 19

119 1981 206 2023 τες
231 1963 460 2014 ι’σόθεον
485 1963 843 2027 νομιζόμενον
871 1962 1150 2014 αἰτιῶνται
1175 1962 1229 2014 οἱ
1261 1962 1565 2026 δυσσεβεῖς,
1586 1959 1591 2028 Ι
1612 1962 1714 2029 τὴν
1740 1973 1782 2015 Β,
1804 1976 1890 2015 130

83 2054 96 2065 ’
119 2050 242 2117 περὶ
295 2051 356 2102 τὸ
411 2058 631 2118 πρᾶγμα
685 2053 890 2118 σοφίαν
945 2050 1012 2102 οὐ
1068 2053 1272 2117 σοφίαν
1326 2045 1469 2102 εἶναι
1533 2049 1799 2118 λέγοντες,

119 2146 323 2208 πρᾶσιν
362 2135 423 2190 δὲ
463 2137 823 2206 ὀφειλομένης
863 2138 1042 2207 ὀργῆς.
1120 2137 1224 2206 ἐγὼ
1264 2134 1366 2206 μὲν
1406 2133 1510 2191 οὗν
1550 2138 1713 2201 αὐτός
1742 2157 1799 2190 τε

122 2226 323 2294 ἐγέλων
370 2225 586 2280 ἐκεῖνόν
630 2247 687 2280 τε
734 2226 940 2295 ἠξίουν.
1019 2227 1046 2278 ὁ
1096 2223 1157 2279 δὲ
1203 2229 1303 2296 τὴν
1349 2229 1572 2298 πρώτην
1610 2228 1801 2279 πειθό-

119 2335 282 2384 μενος
328 2315 514 2384 έπειδὴ
560 2323 851 2385 χωροῦσαν
901 2314 1042 2385 ἑώρα
1091 2316 1193 2383 τὴν
1232 2315 1466 2385 ἀπάτην,
1511 2316 1706 2384 πάσχει
1744 2314 1805 2368 τέ

120 2424 171 2456 τι
210 2402 302 2456 καὶ
339 2400 472 2471 ἧκεν
510 2403 595 2456 ἐπὶ
636 2404 917 2473 μάστιγας,
958 2399 1025 2456 οὗ
1072 2408 1319 2457 πλεῖστοι
1363 2411 1527 2457 τοῦτο
1570 2401 1801 2473 ἔμελλον
1825 2424 1867 2466 25

239 2516 266 2554 4
298 2525 360 2554 01.
394 2511 562 2554 XXX11
593 2513 625 2554 t.
652 2517 691 2565 2,
719 2516 816 2566 268,
845 2512 928 2555 6ss
959 2514 1006 2556 et
1038 2526 1100 2555 01.
1133 2512 1344 2556 XXXVH
1374 2512 1436 2556 ib.
1471 2516 1570 2566 329,
1598 2516 1651 2554 26

240 2611 264 2650 2
289 2606 456 2662 ἡττᾶτο
482 2607 645 2664 scripsi
705 2607 876 2664 ἡττῶτο
900 2607 1010 2651 libri
1034 2608 1126 2650 edd
1203 2613 1227 2650 3
1251 2609 1464 2652 ταυταισὶ
1487 2610 1531 2653 L
1589 2607 1801 2651 ταύταισι

122 2665 268 2708 Fen·
255 2681 304 2708 1n
327 2679 461 2723 marg
476 2666 578 2710 Mor
594 2667 662 2710 Re
753 2673 779 2711 4
802 2665 884 2710 ἀπ’
905 2667 973 2710 Re
1035 2664 1108 2711 ἐπ’
1129 2666 1238 2710 libri
1261 2668 1372 2711 Fen·
1387 2667 1488 2710 Mor
1512 2666 1567 2710 cf.
1586 2666 1728 2710 Thuc.
1739 2666 1803 2710 VI

126 2728 178 2767 12
208 2726 213 2781 Ι
242 2724 377 2798 ἔργον
408 2682 554 2769 ΡΞΠ·
542 2740 590 2768 m
602 2739 747 2794 marg
808 2727 923 2785 ἔργῳ
948 2727 1121 2770 ACPB
1145 2727 1255 2770 Fen·
1347 2730 1371 2769 7
1397 2726 1505 2771 οὐδὲ
1529 2727 1574 2771 L
1601 2729 1607 2782 Ι
1634 2726 1696 2775 ὡς
1726 2740 1802 2769 om

122 2784 166 2827 L
208 2787 214 2837 Ι
258 2781 493 2840 ὀλιγίστων
525 2785 689 2841 scripsi
720 2798 745 2829 e
772 2786 854 2830 VL
930 2783 1026 2841 ὀλιγ
1030 2792 1176 2830 οστῶν
1207 2786 1382 2830 ACPB
1413 2785 1504 2829 edd
1640 2788 1666 2827 8
1706 2802 1723 2827 ι
1753 2784 1801 2827 in

121 2842 264 2898 ὑγιῶν
295 2842 346 2885 in
375 2856 450 2886 ras
482 2843 554 2887 Ρ2
691 2849 744 2887 12
779 2843 1036 2901 Φυλάγριος
1065 2843 1176 2887 Ferr
1205 2844 1306 2887 Mor
1450 2849 1503 2887 14
1536 2861 1568 2887 α
1597 2843 1647 2886 in
1678 2860 1802 2898 φαυ-

121 2899 284 2954 λότερα
323 2914 425 2944 corr
459 2915 514 2945 ex
546 2918 601 2946 ον
633 2903 697 2946 12³
841 2907 894 2946 16
934 2903 1224 2947 ἐπιπλεΐστον
1250 2904 1294 2947 V
1423 2907 1477 2946 22
1515 2901 1690 2958 πράσιν
1720 2902 1808 2946 AC

118 2960 257 3003 PBL
289 2959 380 3002 edd
496 2965 550 3003 25
585 2961 638 3004 οὐ
670 2963 713 3005 L
