2026 3168
171 91 275 144 152
707 91 935 135 LIBANII
966 90 1307 135 ORATIONES

169 229 315 296 θεός,
357 223 434 280 ὧν
471 227 545 280 τὼ
580 227 681 280 δύο
713 228 1083 297 μεθημερινώ,
1115 226 1278 297 μέρος
1311 227 1377 279 οὐ
1409 228 1608 298 μικρὸν
1641 225 1850 300 ἑκάστῳ

169 323 267 368 τοῦ
322 318 627 384 νοσήματος
678 313 880 385 ἀφῄρει
926 317 1017 368 καὶ
1063 315 1389 384 κατέστησεν
1442 317 1518 379 εἰς
1573 323 1763 384 τοῦτο,
1818 316 1848 370 ὃ

170 406 375 474 μήποτε
415 392 688 472 ἀφέλοιτο.
758 405 877 457 144.
918 404 1060 457 οὕτω
1095 405 1161 473 δὴ
1193 412 1292 457 τοῦ
1326 404 1590 472 βασιλέως
1619 405 1854 473 ἥκοντος

125 516 146 546 4
170 495 270 562 τὴν
317 494 511 561 αἴγλην
556 494 657 561 τήν
703 512 760 546 τε
807 493 911 546 ἀπὸ
951 502 1063 546 τῶν
1103 494 1289 546 ὅπλων
1327 494 1428 562 τήν
1465 513 1522 546 τε
1554 493 1660 546 ἀπὸ
1701 492 1845 563 τῶνΙ

81 595 198 637 R97
232 583 548 650 δρακόντων
585 582 697 651 ἠχώ
737 601 794 634 τε
835 581 1087 652 ὀργάνων
1121 582 1385 648 ὑπέμεινα
1422 590 1679 651 συμμιγῆ,
1718 581 1846 651 μηδ’

171 670 240 723 ἂν
272 670 639 739 διηγουμένου
671 672 939 741 πρότερον
971 670 1423 740 <ἀνασχόμενος>.
1484 669 1575 723 καὶ
1608 671 1674 723 οὐ
1706 673 1851 723 πολὺ

171 759 405 826 ὕστερον
452 760 635 827 δῶρον
681 759 826 831 αὐτῷ
869 761 1039 826 λόγον
1086 760 1333 827 εἰσῆγον,
1381 757 1468 828 ἐφ’
1523 753 1564 831 ᾧ
1608 758 1778 812 πλέον
1815 759 1851 828 ἢ

173 849 261 900 ὅτε
299 848 363 900 τὰ
396 845 529 918 ἔργα
560 845 823 918 ἔπραττεν
854 847 1097 916 ἡσθῆναι
1128 850 1386 915 βασιλεὺς
1425 846 1615 900 ἐδόκει.
1674 849 1853 901 καίτοι

171 945 282 988 τῶν
320 938 583 1004 μειζόνων
620 955 683 1004 γε
724 935 958 1005 ἀνήκοος
998 932 1075 989 ὧν
1116 935 1177 989 ἐν
1215 937 1473 998 Σκύθαις
1512 934 1852 990 ἐπεδέδεικτο

108 1048 148 1078 10
173 1023 499 1092 ἐμεμενήκει.
576 1032 674 1077 τοῦ
715 1026 818 1095 γὰρ
861 1025 928 1093 δὴ
968 1025 1190 1093 ἡμίσεος
1229 1026 1322 1077 διὰ
1353 1032 1523 1093 μῆκος
1555 1024 1854 1094 ἀναβεβλη-

173 1112 343 1181 μένου
385 1114 665 1175 δείσαντες
703 1106 786 1175 οἷς
826 1115 927 1166 οὐκ
975 1115 1203 1182 ἄμεινον
1248 1112 1547 1182 τέρπεσθαι
1594 1116 1857 1182 λειμῶσιν

174 1201 462 1270 ἀληθινοῖς
508 1201 607 1254 τὸν
659 1201 888 1270 βασιλέα
936 1205 1211 1271 Μουσῶν,
1263 1201 1324 1255 ἐν
1376 1210 1492 1264 τοῖς
1547 1202 1856 1272 εἰρημένοις

176 1292 355 1343 ἱστᾶσι
400 1291 501 1358 τὴν
548 1289 835 1359 ἀκρόασιν,
884 1293 1160 1359 λεγόντων
1207 1288 1268 1343 δὲ
1308 1288 1509 1360 ἑτέρων
1547 1293 1723 1359 φόβος
1763 1291 1855 1344 οὐ-

175 1380 303 1446 δείς,
343 1380 498 1431 ταυτὶ
538 1376 599 1432 δὲ
647 1379 833 1441 αὐτοῖς
879 1388 974 1448 τῆς
1021 1382 1271 1449 Γοργοῦς
1317 1380 1682 1449 φοβερώτερα.
1757 1381 1855 1447 βα-

109 1490 149 1522 15
175 1471 315 1520 σιλεῖ
345 1487 407 1536 γε
438 1469 546 1536 μὴν
577 1469 666 1520 καὶ
698 1467 804 1520 ἀπὸ
837 1469 1049 1521 τούτων
1082 1468 1183 1521 οὐκ
1215 1466 1276 1520 ἐν
1308 1467 1703 1536 ἀγνοουμένοις
1734 1465 1855 1535 ἐγώ.

289 1555 407 1608 145.
457 1557 577 1608 Σὸν
615 1553 806 1626 ἔργον,
847 1553 888 1609 ὦ
930 1557 1142 1626 δαῖμον,
1182 1557 1273 1608 καὶ
1311 1557 1372 1608 τὸ
1413 1562 1644 1624 τεθῆναι
1683 1558 1856 1623 νόμον

174 1654 284 1698 τῶν
332 1646 547 1698 παίδων
596 1654 712 1707 τοῖς
758 1647 956 1707 νόθοις
995 1643 1305 1715 ἐπίκουρον.
1382 1645 1443 1697 τὸ
1484 1641 1585 1714 μὲν
1627 1640 1731 1697 οὖν
1770 1643 1857 1697 ἐπὶ

177 1741 316 1786 νοῦν
354 1753 411 1786 τε
452 1734 621 1786 αὐτὸν
667 1740 742 1805 τῷ
789 1733 1139 1805 πρεσβυτέρῳ
1188 1744 1309 1786 τοῖν
1348 1732 1630 1802 βασιλέοιν
1669 1732 1861 1786 ἐλθεῖν

177 1822 274 1876 ἕνα
311 1842 368 1875 τε
407 1832 518 1875 τῶν
556 1823 912 1892 κρατούντων
950 1831 1065 1884 τοῖς
1105 1822 1319 1875 ἐκείνου
1363 1821 1651 1890 γεγονέναι
1689 1822 1858 1891 γράμ-

112 1933 154 1965 20
178 1925 326 1980 μασι,
365 1918 554 1978 κοινῆς
593 1919 755 1964 τοῦτο
795 1908 932 1963 ἔστω
972 1919 1067 1979 τῆς
1106 1920 1217 1964 τῶν
1257 1910 1317 1963 ἐν
1355 1912 1510 1981 χρείᾳ
1543 1917 1643 1963 τοῦ
1683 1912 1858 1977 νόμου

177 2001 596 2068 καθεστηκότων
626 2000 816 2068 τύχης,
847 2000 908 2052 τὸ
943 2000 1003 2052 δὲ
1034 2000 1133 2052 τὸν
1163 2001 1431 2069 νεώτερον
1462 1999 1656 2067 ἥκιστα
1688 1998 1859 2051 αὐτὸν

178 2087 510 2141 ἐπαινοῦντα
554 2089 788 2156 μάλιστα
837 2087 1170 2141 ἐπαινοῦντα
1224 2096 1467 2157 φανῆναι
1521 2088 1750 2156 ποιῆσαί
1799 2105 1857 2139 τε

178 2177 390 2246 κύριον,
439 2175 626 2244 ἐπειδή
672 2196 736 2242 με
784 2174 1032 2239 ἐξουσίας
1078 2185 1172 2245 τῆς
1220 2174 1309 2229 ἀπ’
1369 2176 1539 2229 αὐτοῦ
1591 2176 1857 2244 δεόμενον

181 2262 400 2335 ᾔσθετο,
445 2274 558 2327 πῶς
598 2264 699 2317 οὐκ
737 2263 807 2317 ἂν
846 2264 907 2318 ἐν
947 2266 1071 2334 δίκῃ
1110 2272 1206 2333 τῆς
1245 2264 1374 2334 ἐμῆς
1412 2267 1628 2334 κριθείη
1669 2264 1859 2332 τύχης,

300 2414 325 2452 3
356 2409 504 2453 Amm.
538 2409 685 2452 XXIX
711 2415 749 2463 1,
775 2414 802 2452 4
842 2409 1048 2466 (Valens)
1170 2415 1194 2453 9
1227 2409 1376 2452 Amm.
1409 2407 1578 2452 XXVII
1610 2413 1650 2463 5,
1685 2412 1706 2450 1
1735 2421 1800 2462 sq.

183 2472 236 2510 19
271 2467 377 2511 Cod.
412 2468 583 2511 Theod.
617 2468 680 2512 IV
713 2473 751 2523 6,
788 2474 824 2512 1.
858 2468 1036 2512 Novell.
1071 2473 1141 2522 89,
1175 2473 1228 2511 12

304 2605 326 2642 1
360 2601 657 2655 καθημερινὼ
691 2602 736 2644 Β
880 2607 906 2644 4
944 2608 1036 2645 τῶν
1069 2600 1266 2644 alterum
1298 2614 1372 2643 om
1404 2601 1447 2644 L
1498 2594 1622 2642 KX5
1662 2596 1719 2653 ἣν
1752 2599 1861 2642 ante

184 2656 293 2716 μηδ’
330 2658 454 2701 inser
485 2659 755 2702 MSchmidt
785 2659 951 2703 Philol.
984 2660 1025 2703 X
1058 2664 1142 2703 613
1285 2664 1310 2702 6
1343 2655 1658 2715 ἀνασχόμενος
1687 2657 1863 2701 inserui

183 2717 286 2761 coll.
319 2717 383 2760 HI
416 2722 512 2770 132,
549 2723 602 2760 15
627 2718 668 2760 R
821 2722 874 2760 10
909 2717 1170 2775 ἐμεμενήκει
1202 2731 1302 2761 corr
1333 2731 1389 2760 ex
1421 2715 1690 2774 ἐμεμνήκειν
1726 2716 1788 2760 0²

184 2775 476 2833 ἐμεμενήκειν
503 2777 583 2820 VL
612 2777 617 2834 Ι
661 2774 845 2832 ἡμίσεος
875 2778 1038 2834 scripsi
1070 2791 1126 2821 ex
1156 2777 1345 2821 APBV
1372 2777 1419 2819 et
1451 2789 1551 2819 corr
1582 2789 1637 2818 ex
1668 2772 1863 2832 ἡμίσεως

186 2834 248 2880 0²
309 2832 473 2891 μίσεως
504 2836 547 2879 L
615 2833 810 2890 ἡμίσεως
841 2837 931 2878 edd
1053 2841 1104 2879 11
1140 2832 1215 2885 αἷς
1245 2837 1290 2880 A
1413 2839 1465 2878 15
1497 2834 1730 2879 τοσούτων
1761 2835 1805 2878 L

186 2898 238 2938 17
271 2911 326 2951 γρ
359 2893 480 2944 νέοις
510 2893 611 2937 Mor
641 2893 688 2936 in
720 2907 852 2951 marg
880 2898 885 2951 Ι
914 2892 998 2938 οὖν
1030 2908 1104 2938 om
1136 2896 1178 2938 L
