2026 3168
187 160 294 222 295
729 159 955 203 LIBANII
986 159 1329 205 ORATIONES

188 315 268 348 τει
308 314 366 348 τε
407 296 508 348 ὅσα
547 295 788 365 πράττει,
827 295 932 348 ’κάν
970 304 1085 358 τοῖς
1123 295 1406 365 ὀνείρασιν
1445 297 1512 350 οὐ
1556 298 1764 365 πόλεις,
1795 296 1876 360 ’ἃς

190 384 291 438 οὐκ
331 378 496 451 εἶδεν,
536 384 654 454 ὁρᾷ
677 385 810 437 οὐδὲ
847 385 1024 453 πηγὰς
1061 383 1153 437 καὶ
1193 387 1386 453 λίμνας
1415 384 1507 438 καὶ
1537 385 1743 454 πελάγη
1779 386 1871 438 καὶ

187 474 481 541 ποταμούς,
523 471 638 524 ἀλλ’
683 472 969 543 ἀργύριον,
1009 475 1258 543 χρυσίον,
1297 471 1550 542 ἐσθῆτας,
1587 473 1873 542 βαλάντια,

99 574 141 617 R
162 577 246 616 219
279 569 386 614 νῦν
409 562 510 628 μὲν
533 561 594 614 ἐν
629 560 635 632 Ι
670 570 788 625 ταῖς
818 560 971 631 χερσὶ
995 564 1232 630 κείμενα,
1263 570 1370 615 νῦν
1395 559 1457 615 δὲ
1481 563 1874 632 διαφεύγοντα,

147 672 165 703 5

125 1116 167 1148 10

126 2005 169 2036 20

190 648 314 716 μεθ’
361 649 569 720 ἡμέραν
610 647 671 703 δὲ
716 649 845 703 καθ’
892 651 1064 704 αὑτόν
1102 670 1160 703 τε
1207 650 1286 703 ὢν
1324 649 1498 704 ἐκεῖσε
1543 650 1732 718 βλέπει
1768 650 1875 704 κᾶν

193 742 328 810 λαλῇ
359 758 453 810 τῳ,
493 740 593 808 τὴν
623 740 807 808 ψυχὴν
839 738 901 792 ἐν
931 738 1162 802 ἐκείνοις
1193 737 1301 809 ἔχει
1332 739 1437 792 κάν
1467 748 1585 802 ταῖς
1616 731 1877 803 ἑωθιναῖς

192 829 376 897 εὐχαῖς
415 826 544 880 ἀνθ’
585 828 773 896 ὑγείας
812 826 902 881 καὶ
942 827 1193 891 εὐδοξίας
1229 828 1318 881 καὶ
1354 829 1569 881 παίδων
1608 830 1876 899 σωτηρίας

191 917 289 969 τὸν
341 918 593 969 δώσοντα
643 908 887 985 φανῆναι
936 917 1084 993 παρα
1133 925 1233 970 τοῦ
1273 918 1410 979 Διὸς
1460 918 1612 970 αἰτεῖ.
1689 917 1879 987 ῥύεται

192 1002 253 1058 δὲ
303 1005 507 1058 οὐδένα
556 1014 667 1058 τῶν
706 1005 995 1075 ὑπηρετῶν
1035 1004 1152 1058 οὐδ’
1199 1005 1231 1074 ἡ
1285 1008 1411 1071 λίαν
1455 1008 1630 1059 πενία.
1706 1013 1879 1059 ταῦτα

193 1093 221 1147 ὁ
270 1097 455 1164 ληρῶν
501 1092 608 1162 ἐγὼ
662 1095 809 1164 παρὰ
863 1103 974 1147 τῶν
1021 1093 1452 1161 ἐξεπισταμένων
1498 1094 1737 1158 ἀκούσας
1786 1094 1878 1147 καὶ

189 1181 463 1252 μέμνημαι
502 1181 592 1236 καὶ
632 1184 787 1236 δεινὰ
825 1185 1039 1250 νομίζω.

301 1273 386 1324 29.
426 1275 647 1341 Νομίζω
688 1272 749 1325 δὲ
794 1272 1014 1326 κάκεῖνο
1063 1273 1252 1325 δεινὸν
1289 1273 1350 1325 τὸ
1399 1274 1686 1342 δυστυχεῖς
1723 1292 1879 1336 τινας

191 1361 539 1427 ἀρτοπόπους
600 1361 945 1430 εἰσπράττειν
1006 1360 1223 1414 ἐθέλειν
1283 1364 1533 1431 χρυσίον,
1595 1362 1666 1424 ὥς
1727 1381 1879 1424 τινος

191 1449 458 1512 ἀλοῦντος
497 1449 683 1512 αὐτοῖς
719 1450 818 1502 τὸν
858 1458 1013 1503 σῖτον
1050 1450 1265 1512 ὕδατος.
1338 1445 1417 1503 ὧν
1456 1448 1539 1503 ἐπ’
1586 1446 1678 1518 ἐμὲ
1717 1470 1878 1503 κατα-

148 1560 166 1592 5
191 1540 491 1607 φυγόντων
528 1539 619 1591 καὶ
658 1540 932 1606 λεγόντων
964 1539 1148 1591 δίκαια
1185 1548 1508 1607 κατηγορῶν
1539 1533 1702 1601 οὗτος
1740 1539 1879 1592 ἄλλα

190 1646 248 1680 τε
295 1626 384 1679 καὶ
432 1627 504 1689 ὡς
550 1625 642 1694 ἐμὲ
679 1629 1135 1697 παρακρούοιντο,
1176 1626 1313 1697 (τοῖς
1353 1624 1413 1680 δὲ
1453 1626 1677 1696 ἐβοήθει
1716 1627 1879 1696 τάλη-

191 1715 343 1787 θές),
394 1716 459 1768 οὐ
510 1717 782 1785 πρότερον
820 1715 1105 1785 ἀπέσχετο,
1148 1715 1282 1785 πρὶν
1320 1715 1353 1784 ἢ
1392 1718 1581 1769 ἔσεισε.
1657 1717 1778 1768 τότε
1817 1716 1879 1768 δὲ

192 1807 385 1872 ἔλεγον
433 1805 641 1871 δίκαια,
689 1804 786 1867 οὓς
825 1800 988 1867 οὗτος
1026 1803 1122 1874 ὑφ’
1171 1804 1383 1858 ἑαυτῶν
1423 1807 1663 1874 ἔφασκεν
1701 1802 1879 1872 ἐξελη-

192 1892 436 1962 λέγχθαι.

306 1982 389 2034 30.
434 1980 571 2034 Ἀλλ’
618 1980 740 2035 οὐδ’
784 1982 915 2035 ὅταν
954 1983 1216 2035 Σκύλλαν
1262 1997 1322 2035 σε
1368 1986 1540 2050 καλῶ,
1592 1999 1878 2052 παραφρο-

313 2163 368 2202 20
402 2157 468 2202 Cf.
496 2173 540 2214 p.
569 2162 638 2212 93,
657 2162 696 2201 8.
759 2157 922 2201 Aesch.
947 2157 1034 2214 Ag.
1063 2162 1189 2201 1232.
1253 2157 1358 2201 Eur.
1384 2157 1505 2200 Med.
1534 2162 1661 2200 1342.
1691 2160 1818 2200 1358.

195 2216 286 2261 Cic.
319 2217 368 2260 in
392 2217 519 2260 Verr.
545 2216 588 2260 V
614 2221 698 2260 146

315 2385 337 2422 1
371 2380 450 2423 καὶ
481 2381 591 2424 ΒΜ
618 2379 752 2436 Bong
902 2385 926 2422 2
968 2375 1095 2424 οἶδεν
1129 2380 1191 2423 Μ
1208 2379 1343 2436 Bong
1493 2383 1519 2421 3
1558 2378 1728 2435 χρυσὸν
1762 2378 1831 2421 Re
1869 2377 1874 2435 Ι

195 2437 445 2496 βαλλάντια
479 2440 580 2483 VM
600 2438 732 2494 Bong
764 2437 820 2482 cf.
846 2438 866 2481 I
892 2442 990 2491 244,
1020 2442 1072 2480 13
1098 2438 1139 2480 R
1259 2443 1286 2481 4
1311 2438 1362 2481 δὲ
1387 2437 1467 2480 καὶ
1491 2437 1805 2493 διαφεύγοντα
1830 2437 1878 2479 Β

254 2501 279 2539 5
313 2496 581 2554 μεθημέραν
608 2499 651 2540 V
679 2499 684 2553 Ι
720 2497 771 2541 δὲ
804 2496 967 2553 scripsi
998 2513 1045 2541 τε
1076 2496 1185 2540 libri
1217 2496 1308 2540 edd
1342 2500 1348 2552 1
1382 2512 1429 2540 τε
1464 2496 1500 2540 Ο
1528 2496 1609 2539 sed
1639 2512 1664 2538 τ
1694 2510 1752 2538 m.
1785 2509 1876 2539 rec.

195 2558 253 2613 (υ)
278 2556 327 2598 111
350 2569 425 2599 ras
498 2571 573 2599 om
591 2557 675 2600 Mo
796 2561 821 2599 6
846 2573 907 2614 τῳ
934 2570 957 2599 e
983 2560 1044 2615 τῷ
1071 2570 1171 2599 corr
1195 2556 1267 2600 Ρ3
1326 2563 1388 2598 τῶ
1415 2555 1531 2612 Mox]
1561 2554 1609 2598 ἐν
1634 2568 1710 2597 om
1736 2556 1820 2598 Mo

196 2620 219 2658 7
246 2613 425 2672 ὑγιείας
451 2616 493 2658 V
519 2616 607 2658 edd
634 2615 690 2658 of.
717 2615 737 2657 Ι
762 2619 861 2668 466,
887 2620 912 2659 5
937 2616 979 2658 R
1103 2619 1129 2658 8
1162 2631 1186 2658 ο
1218 2615 1265 2658 111
1300 2615 1508 2659 δώσοντα
1526 2613 1586 2655 in
1603 2627 1679 2656 ras
1703 2629 1762 2656 m.
1788 2627 1878 2656 rec.

195 2676 261 2731 (n)
290 2675 328 2718 C
445 2678 499 2717 10
532 2673 844 2729 ἐπισταμένων
876 2676 911 2718 Ι
926 2674 1060 2731 Bong
1181 2678 1234 2716 13
1266 2670 1562 2727 ἀρτοπόπους
1588 2673 1667 2716 CA
1699 2672 1797 2728 (sed
1828 2672 1878 2714 in

194 2734 283 2776 hoc
320 2733 369 2775 in
407 2747 541 2788 marg
579 2750 632 2790 γρ
665 2733 960 2788 ἀρτοποιούς)
993 2735 1039 2777 Ρ
1068 2733 1166 2788 (sed
1205 2733 1254 2775 in
1284 2733 1371 2775 hoc
1403 2732 1565 2774 acutus
1599 2733 1645 2773 et
1681 2747 1800 2781 πους
1828 2731 1879 2773 111

195 2806 270 2836 ras
294 2793 380 2843 1113)
397 2792 465 2835 Re
528 2792 807 2847 ἀρτοποιοὺς
833 2793 1141 2836 VUIBMMo
1155 2791 1287 2847 Bong
1333 2789 1399 2834 Cf.
1419 2789 1563 2833 Cobet
1578 2789 1770 2832 Miscell.
1793 2793 1877 2833 148

257 2856 311 2894 14
350 2850 571 2900 ἁλοῦντος
603 2851 711 2893 BM
860 2855 912 2894 16
959 2852 1067 2906 post
1109 2850 1310 2905 τάληθὲς
1355 2849 1404 2892 111
1435 2850 1479 2892 A
1520 2861 1702 2891 erasum
1740 2848 1820 2891 καὶ

199 2914 251 2952 17
286 2924 334 2953 σε
365 2910 414 2952 111
447 2910 588 2954 ἔσεισε
620 2909 668 2951 in
700 2923 774 2952 ras
806 2910 870 2953 CV
940 2910 1110 2954 ἔσεισεν
1135 2909 1245 2952 AM
1362 2912 1416 2951 18
1449 2907 1587 2957 αὐτὸς
1618 2908 1663 2951 Β
1685 2907 1701 3009 ὲ
1727 2907 1876 2964 ἔλεγεν

197 2966 280 3024 ὑφ’
311 2968 486 3012 ἑαυτῶν
505 2969 612 3012 ΒΜ
626 2968 758 3024 Bong
786 2971 790 3024 Ι
819 2975 909 3011 υτῶ
934 2968 983 3011 111
1008 2968 1184 3012 ἑαυτῶν
1208 2968 1257 3010 111
1281 2980 1355 3010 ras
1384 2967 1447 3011 Gv
1545 2971 1601 3009 20
1627 2980 1680 3010 σκ
1703 2968 1812 3009 λλαν
1840 2966 1884 3010 V
