2026 3168
713 155 942 200 LIBANII
972 154 1314 200 ORATIONES
1751 155 1854 208 165

177 294 359 360 ήσατο.
439 290 557 343 177.
609 291 637 344 6
677 292 778 357 μὲν
817 293 885 362 δὴ
923 293 1207 360 βασιλεύς,
1259 292 1438 361 ὥσπερ
1485 312 1566 354 τις
1612 293 1856 361 θηρατὴς

176 378 501 450 ἁμαρτάνων
547 381 778 450 θηρίου,
832 382 1027 444 δεινῶς
1073 382 1300 450 ἤχθετο,
1354 388 1586 434 κινεῖται
1633 377 1694 433 δὲ
1739 382 1855 433 κίν-

176 468 344 530 δυνος
384 467 442 520 ἐκ
480 471 843 537 χαλεπότητός
880 489 938 522 τε
978 471 1248 522 δεσπότου
1287 467 1378 521 καὶ
1410 469 1584 536 λύπης
1623 468 1854 522 οἰκέτου.

173 557 531 626 ὑπογραφεὺς
569 557 670 623 μὲν
708 557 736 611 6
778 557 990 627 οἰκέτης
1026 554 1114 626 ἦν,
1155 558 1444 626 οἰωνιστής
1488 558 1550 611 δὲ
1589 557 1617 610 6
1660 559 1856 610 δεσπό-

172 663 281 712 της.
346 652 548 698 τοῦτον
587 646 656 715 δή
693 664 825 700 ποτε
865 646 947 699 δι’
982 646 1285 699 ἐπιστολῶν
1315 646 1529 716 ἠρόμην
1560 647 1853 717 φαρμάκου
1900 666 1919 698 5

172 734 324 796 τινὸς
371 732 514 804 πέρι,
576 737 707 797 τοὺς
760 735 860 802 μὲν
912 738 1083 798 θεοὺς
1137 735 1239 788 οὐκ
1294 737 1487 804 εἰπών,
1541 736 1744 805 ἰατρῶν
1794 732 1855 788 δὲ

172 821 441 891 μνησθεὶς
479 823 782 891 ἀσφαλείας
814 825 1010 877 εἵνεκα.
1064 832 1236 877 ταῦτα
1266 823 1295 876 6
1325 820 1430 891 μὲν
1461 824 1528 877 οὐ
1559 824 1855 877 κατέκαυσε

172 912 239 963 τά
278 911 580 981 γράμματα,
620 912 649 966 6
691 909 752 965 δὲ
790 913 1126 982 κτησάμενος
1166 912 1485 981 ἐφύλαττεν,
1526 913 1688 981 ὅπως,
1725 918 1782 965 εἴ
1804 916 1861 966 τί

173 998 307 1052 ποθ’
362 1000 597 1071 ὕστερον
648 1001 790 1054 ἐπίοι
838 1003 1043 1066 δεινόν,
1092 1002 1316 1066 σῶζοιτο
1364 1009 1482 1064 ταῖς
1533 1001 1855 1064 ἐπιστολαῖς.

177 1088 295 1140 178.
344 1089 418 1151 ὡς
465 1085 569 1142 οὗν
616 1089 815 1143 ἐκάκου
862 1110 919 1142 τε
958 1088 1047 1143 καὶ
1089 1089 1278 1143 ἐδίωκε
1317 1091 1417 1143 τὸν
1455 1090 1728 1159 δεσπότην
1766 1089 1854 1143 ἐπὶ
1880 1109 1922 1142 10

175 1186 290 1239 τοῖς
315 1178 551 1245 οἰωνοῖς,
575 1176 637 1231 ἐν
667 1187 785 1241 τοῖς
816 1180 1093 1249 γράμμασι
1125 1179 1341 1241 τούτοις
1374 1172 1483 1247 εἶχε
1514 1180 1615 1247 τὴν
1645 1180 1854 1232 πίστιν·

176 1268 440 1334 συνήσειν
475 1267 579 1335 γὰρ
613 1267 679 1335 δὴ
712 1267 811 1319 τὸν
843 1268 1123 1336 δικαστήν,
1163 1267 1265 1335 &n
1298 1267 1536 1336 ἐδήλουν
1568 1269 1622 1320 οἱ
1656 1269 1855 1336 ἰατροί·

174 1353 465 1421 ἐμπεσόντι
505 1355 566 1408 δὲ
605 1356 683 1417 εἰς
720 1357 781 1408 τὸ
824 1357 1051 1409 δίκτυον
1089 1355 1347 1410 ὁπωσοῦν
1386 1355 1611 1409 ἐπέκειτ’
1660 1355 1730 1409 ἂν
1768 1356 1857 1409 εὐ-

172 1445 282 1505 θὺς
320 1444 598 1513 κεκραγὼς
636 1443 665 1496 6
704 1445 976 1511 βασιλεύς.
1023 1444 1222 1497 πολλαὶ
1261 1441 1363 1511 μὲν
1402 1445 1469 1514 δὴ
1508 1444 1857 1514 παραινέσεις

173 1531 279 1584 ἀπὸ
320 1535 542 1584 πολλῶν
579 1533 717 1602 πρὸς
754 1534 853 1586 τὸν
892 1531 1110 1602 οἰκέτην
1147 1534 1219 1602 μὴ
1259 1535 1358 1587 τὸν
1404 1533 1697 1603 εὐεργέτην
1736 1532 1852 1586 ἀδι-
1880 1552 1921 1585 15

172 1629 307 1689 κεῖν,
351 1619 644 1691 εὐεργέτην
683 1620 748 1674 δέ
781 1641 847 1688 με
887 1620 1280 1691 ἐπεποιήκεσαν
1319 1622 1490 1675 αὐτοῦ
1529 1621 1759 1692 μέμψεις
1797 1642 1854 1675 τε

172 1709 262 1762 καὶ
295 1707 456 1779 ὀργαὶ
486 1708 578 1762 καὶ
609 1710 942 1778 ἐπιτιμήσεις
980 1704 1066 1774 αἷς
1111 1711 1210 1764 τὸν
1242 1712 1514 1779 δεσπότην
1546 1710 1854 1781 ἐπειρώμην

174 1797 466 1866 ἀνείργειν,
502 1796 508 1868 Ι
545 1798 573 1851 ὁ
599 1795 660 1851 δὲ
685 1799 787 1852 οὐκ
818 1799 1043 1868 ἀγνοεῖν
1073 1796 1174 1865 μὲν
1203 1806 1390 1868 ταῦτα,
1422 1797 1574 1868 ἔλεγε
1607 1799 1669 1852 δὲ
1692 1799 1760 1851 οὐ
1791 1812 1833 1854 R
1858 1814 1942 1854 11⁷

173 1887 383 1954 μεγάλα
420 1889 679 1955 νομίζειν,
717 1887 995 1957 προέσθαι
1034 1886 1083 1940 δ’
1121 1887 1190 1940 ἂν
1229 1888 1401 1941 αὑτὸν
1438 1890 1570 1954 μετὰ
1601 1897 1712 1940 τῶν
1744 1887 1856 1941 ἐπι-

174 1979 399 2027 στολῶν.
476 1974 767 2044 ἀπράκτων
807 1973 867 2028 δὲ
905 1985 1017 2028 τῶν
1054 1979 1276 2029 πολλῶν
1320 1976 1654 2045 συμβούλων
1694 1975 1854 2029 ἀπελ-
1878 1997 1921 2029 20

173 2065 399 2117 θόντων
438 2064 649 2133 δαίμων
688 2064 856 2116 αὐτὸν
897 2063 930 2116 ἃ
968 2063 1156 2133 μηδεὶς
1195 2065 1461 2135 ρητόρων,
1508 2062 1717 2133 ἔπειθε,
1764 2066 1854 2118 καὶ

174 2153 240 2204 τὰ
264 2152 551 2222 γράμματα
582 2152 907 2220 ἀποπέμψας
938 2153 1211 2206 εἰσελθὼν
1241 2154 1437 2221 ἡττᾶτο
1469 2164 1580 2206 τῶν
1613 2155 1856 2223 ἰσχυρῶν

176 2240 543 2310 ἐστερημένος.
610 2242 728 2293 179.
767 2240 858 2294 καὶ
898 2243 963 2293 τὰ
997 2238 1100 2310 μὲν
1136 2240 1261 2312 περὶ
1293 2243 1394 2311 τὴν
1425 2243 1609 2312 πυρὰν
1640 2242 1856 2310 ἐκείνην

177 2329 508 2398 ἐλελωφήκει
554 2338 648 2398 τῆς
698 2327 916 2399 Θρᾴκης
965 2329 1051 2398 ἐφ’
1099 2329 1299 2398 ἑαυτὴν
1344 2331 1442 2383 τὸν
1489 2332 1727 2400 ἄρχοντα
1763 2351 1856 2383 κα-

293 2449 318 2487 2
353 2445 409 2502 δὴ
433 2445 542 2488 libri
568 2445 658 2489 edd
751 2451 776 2489 5
809 2444 860 2489 δὲ
884 2445 994 2488 libri
1020 2445 1111 2488 edd
1139 2447 1146 2503 Ι
1174 2450 1199 2489 5
1226 2453 1474 2502 φαρμακοῦ
1507 2447 1552 2489 Β
1645 2451 1668 2488 7
1702 2444 1858 2490 εἵνεκα

175 2503 337 2560 scripsi
363 2503 498 2548 ἕνεκα
522 2504 632 2548 libri
657 2501 796 2560 (εἶναι
814 2506 857 2548 L
882 2506 929 2548 et
952 2521 1006 2562 γρ
1031 2505 1132 2548 Mor
1155 2505 1204 2548 in
1228 2507 1378 2562 marg)
1403 2506 1493 2549 edd
1521 2507 1527 2562 Ι
1553 2505 1717 2562 ταῦτα]
1744 2502 1857 2548 nocti:

176 2562 295 2606 αὐτὰ
326 2565 370 2607 L
430 2564 510 2607 καὶ
540 2570 686 2607 ταῦτα
719 2564 830 2606 Fen·
860 2563 909 2606 in
933 2576 1067 2620 marg
1089 2564 1191 2607 Mor
1217 2566 1223 2622 Ι
1250 2562 1510 2609 κατέπαυσε
1534 2566 1577 2608 L
1682 2567 1709 2607 8
1735 2561 1858 2614 ὅπως

175 2621 340 2678 scripsi
371 2636 396 2666 e
423 2623 466 2666 V
521 2620 631 2677 ὅπερ
664 2623 707 2666 L
769 2622 880 2666 ὥστε
904 2623 1078 2667 ACPB
1103 2623 1193 2667 edd
1220 2626 1227 2680 1
1253 2621 1298 2667 τί
1327 2621 1470 2681 ποθ’]
1501 2639 1546 2666 τι
1575 2620 1694 2667 πόθ’
1718 2624 1799 2667 VL

176 2684 202 2722 9
234 2682 438 2733 σώιζοιτο
474 2681 512 2726 Ο
629 2686 681 2724 13
715 2680 956 2738 ἐμπέσοντι
987 2697 1046 2724 m.
1079 2695 1167 2726 rec.
1203 2683 1258 2739 (r)
1290 2695 1430 2739 supra
1461 2681 1715 2739 ἐμπεσόντα
1742 2683 1786 2726 V
1810 2683 1857 2725 et

175 2739 243 2782 Re
325 2738 580 2795 ἐμπεσόντα
610 2740 780 2796 reliqui
810 2740 921 2783 libri
950 2741 1060 2783 Ferr
1090 2741 1192 2784 Mor
1275 2746 1329 2785 16
1363 2739 1410 2798 μ’
1439 2742 1483 2786 L
1510 2742 1516 2800 Ι
1542 2739 1857 2795 πεποιήκεσαν

176 2798 306 2842 AGP
326 2798 438 2842 Ferr
451 2799 554 2842 Mor
612 2798 923 2852 πεποιήκασιν
949 2800 993 2842 Β
1072 2804 1124 2842 19
1150 2801 1294 2845 αὑτὸν
1317 2801 1385 2843 Re
1446 2801 1590 2845 αὐτὸν
1613 2799 1725 2843 libri
1747 2799 1857 2842 Ferr

176 2855 278 2900 Mor
396 2862 448 2900 21
483 2857 511 2913 ἡ
544 2856 724 2915 δαίμων
755 2859 824 2902 Re
854 2858 994 2901 Anim
1022 2860 1028 2913 Ι
1064 2858 1254 2903 ἔπειθεν
1288 2859 1326 2903 0
1433 2863 1488 2902 22
1519 2866 1612 2903 τῶν
1644 2858 1775 2917 ἰσχυρ
1808 2858 1855 2900 in

175 2922 267 2959 τῶν
299 2915 498 2973 ἰσχυρῶν
536 2917 585 2960 in
622 2931 698 2960 ras
733 2916 796 2962 0²
870 2924 962 2961 τῶν
1000 2914 1196 2961 δικαίων
1227 2918 1377 2972 Patm,
1409 2918 1492 2961 sed
1522 2934 1577 2975 γρ
1607 2925 1700 2962 τῶν
1732 2917 1855 2975 ἰσχυ-

178 2982 270 3028 ρῶν
302 2973 350 3016 in
381 2988 514 3032 marg
634 2981 688 3018 24
721 2975 886 3020 ἑαυτὸν
912 2978 957 3020 Β
1022 2975 1162 3031 ἑαυτῆ
1194 2977 1236 3020 L
