2026 3168
171 168 277 219 248
712 167 940 210 LIBANII
972 166 1312 211 ORATIONES

170 304 472 373 πράττουσι
511 303 658 370 παρὰ
696 303 796 370 τὴν
828 301 986 365 ἀξίαν
1017 301 1187 370 ἀηδής
1219 303 1327 371 εἰμι
1358 300 1448 355 καὶ
1479 304 1653 371 βαρὺς
1683 310 1855 356 ταῦτα

78 404 122 446 R
145 408 227 448 181
262 390 454 459 λέγων,
497 389 502 460 Ι
545 392 669 452 τοῖς
707 389 755 442 δ’
797 389 848 453 ἐξ
899 391 1245 459 εὐδαιμόνων
1282 396 1659 460 κατενεχθεῖσι
1698 411 1851 460 κεχα-

170 478 450 549 ρισμένος,
505 471 595 531 οἷα
649 479 716 547 δὴ
770 481 1186 548 συναχθόμενός
1236 499 1293 532 τε
1337 478 1429 532 καὶ
1472 479 1855 548 πεπληγμένος

168 577 286 630 ταῖς
326 566 551 620 ἐκείνων
590 575 917 637 συμφοραῖς.
995 569 1086 620 διὰ
1125 570 1182 620 τί
1217 563 1338 636 οὖν,
1385 568 1517 621 ὅταν
1562 588 1626 637 με
1671 571 1854 637 βαρὺν

123 660 434 724 5καλῶσιν,
486 656 553 708 οὐ
599 657 1052 726 προσδιορίζουσι
1105 659 1305 726 μικρόν
1350 677 1402 709 τι
1459 656 1854 726 προστιθέντες

166 746 227 797 τὸ
268 746 522 813 σφίσιν·
566 745 631 797 οὐ
672 746 775 815 γὰρ
817 745 989 798 ἅπασί
1025 765 1087 814 γε
1126 744 1231 814 ἐγὼ
1272 746 1468 815 βαρύς,
1509 744 1624 798 ἀλλ’
1664 738 1746 808 οἷς
1786 747 1852 798 τὰ

166 835 304 886 κακὰ
351 842 462 886 τῶν
508 837 731 886 πολλῶν
780 833 980 901 ἀγαθά.
1055 842 1188 887 πᾶσι
1238 831 1340 903 μὲν
1393 830 1497 887 οὗν
1547 834 1627 887 ὢν
1678 836 1852 903 βαρὺς

164 920 483 991 ᾐσχυνόμην
521 921 591 975 ἂν
629 930 744 985 τοῖς
782 922 1115 991 λεγομένοις,
1157 923 1204 975 εἰ
1243 923 1306 976 δὲ
1343 931 1459 986 τοῖς
1490 922 1664 985 οὕτως
1695 923 1851 976 εὐτυ»

167 1012 382 1079 χηκόσι,
431 1012 790 1081 σεμνύνομαι·
869 1011 956 1063 29.
1004 1011 1102 1073 οὓς
1142 1010 1313 1080 ἡδέως
1352 1010 1422 1064 ἂν
1467 1010 1711 1079 ἐροίμην,
1755 1013 1851 1064 πό-

101 1121 145 1152 10
168 1100 297 1168 τερά
347 1119 412 1168 με
462 1100 774 1163 ψεύδεσθαί
821 1115 960 1167 φασι
1005 1108 1121 1162 τοῖς
1171 1098 1415 1161 ἐπαίνοις
1462 1099 1709 1152 τουτοισὶ
1761 1100 1851 1152 καὶ

167 1195 283 1249 τοῖς
321 1189 516 1255 ψόγοις
554 1186 586 1255 ἢ
628 1187 710 1240 οὔ.
788 1188 835 1239 εἰ
866 1184 968 1253 μὲν
999 1188 1102 1257 γὰρ
1135 1188 1462 1255 ψεύδεσθαι,
1502 1186 1852 1257 δειξάτωσαν,

167 1276 242 1338 ὡς
282 1276 384 1328 οὐκ
424 1274 627 1344 ἀμείνω
667 1284 786 1338 ταῖς
823 1278 1015 1329 πόλεσι
1047 1277 1112 1329 τὰ
1143 1278 1413 1345 πρόσθεν·
1453 1277 1501 1328 εἰ
1534 1275 1584 1329 δ’
1615 1276 1852 1345 ἀληθεύ-

169 1383 271 1432 ειν,
310 1366 365 1416 τί
402 1366 817 1433 χαλεπαίνουσι;
857 1366 913 1418 τί
950 1364 999 1417 δ’
1030 1363 1154 1434 οὐχὶ
1192 1365 1295 1433 τὴν
1324 1364 1592 1434 ἀλήθειαν
1622 1367 1853 1435 βαρεῖαν

168 1456 453 1520 καλοῦσιν,
493 1452 630 1505 ἀλλὰ
667 1454 770 1506 τὸν
808 1452 1077 1522 ἑπόμενον
1116 1452 1295 1523 ἐκείνῃ
1335 1454 1536 1521 βαρύν;
1577 1454 1644 1506 οὐ
1683 1455 1786 1522 γὰρ
1821 1454 1850 1506 ὁ

101 1562 144 1595 15
170 1539 298 1609 ἐμὸς
322 1542 486 1609 λόγος
516 1542 581 1593 τὰ
613 1542 902 1610 πράγματα
929 1544 1240 1610 πεποίηκεν,
1273 1540 1389 1594 ἀλλ’
1411 1541 1520 1595 ὑπὸ
1545 1550 1657 1594 τῶν
1680 1559 1852 1611 πραγ-

163 1629 350 1697 μάτων
401 1630 454 1682 οῑ
501 1631 656 1698 λόγοι
701 1637 944 1682 τοιοῦτοι
987 1629 1320 1699 γεγένηνται.
1398 1630 1483 1682 30.
1539 1626 1714 1698 εἷπον,
1768 1631 1852 1683 ὅτι

164 1718 332 1771 πάλαι
371 1715 570 1771 πολλαὶ
608 1720 805 1771 θυσίαι
844 1716 934 1771 καὶ
974 1719 1143 1787 μεστὰ
1180 1728 1292 1771 τῶν
1329 1719 1591 1771 θυόντων
1627 1720 1693 1771 τὰ
1733 1720 1852 1788 ἱερὰ

165 1805 257 1859 καὶ
297 1808 489 1859 θαλίαι
527 1805 619 1859 καὶ
659 1806 821 1859 αὐλοὶ
852 1805 942 1859 καὶ
975 1806 1109 1879 ᾠδαὶ
1140 1805 1231 1860 καὶ
1265 1806 1529 1875 στέφανοι
1559 1807 1649 1859 καὶ
1680 1811 1850 1860 πλοῦ-

165 1915 258 1958 τος
298 1894 358 1947 ἐν
398 1893 603 1968 ἑκάστω
643 1897 803 1963 κοινή
841 1915 924 1958 τις
962 1891 1123 1958 οὗτος
1160 1904 1276 1958 τοῖς
1315 1894 1596 1962 δεομένοις
1631 1894 1850 1948 ἐπικου-

98 2005 142 2036 20
167 1985 272 2052 ρία.
347 1986 406 2036 τί
441 1979 546 2036 οὖν
599 1983 937 2053 ἐψευσάμην;
983 1983 1075 2037 καὶ
1122 1991 1229 2037 νῦν
1274 1986 1405 2046 τοὺς
1441 1984 1580 2046 νεὼς
1621 1984 1731 2036 ἴδοι
1768 2003 1852 2045 τις

165 2070 236 2125 ἂν
273 2073 585 2136 τοιούτους;
636 2077 847 2139 μᾶλλον
886 2072 965 2141 δέ,
1005 2074 1118 2126 ἴδοι
1155 2093 1238 2134 τις
1275 2071 1345 2126 ἂν
1383 2075 1580 2126 πενίαν
1619 2070 1849 2141 ἑτέρωθι

163 2161 459 2229 τοσαύτην;
499 2161 584 2212 31.
618 2159 724 2214 εἰσὶ
748 2161 850 2229 μὲν
874 2163 929 2214 οἳ
951 2162 1025 2224 ὡς
1046 2160 1223 2229 ’ἥδιστ’
1247 2160 1317 2214 ἂν
1340 2163 1510 2223 θεοὺς
1534 2161 1850 2229 ἀναθήμασι

163 2249 464 2317 τιμήσαιεν,
485 2253 632 2301 ἴσασι
665 2248 739 2317 δ’,
761 2250 836 2312 ὡς
859 2250 906 2302 εἰ
930 2252 1216 2319 κομίσαιεν
1240 2248 1429 2318 ἐκεῖσε,
1453 2256 1624 2302 ταῦτα
1648 2247 1850 2318 ἑτέρων

163 2334 338 2404 ἐστίν,
377 2337 515 2389 ὅπου
555 2357 617 2405 γε
654 2336 746 2390 καὶ
783 2339 884 2406 τὴν
913 2339 1125 2406 πολλὴν
1156 2337 1386 2390 ἑκάστου
1418 2346 1531 2391 τῶν
1562 2343 1711 2390 θεῶν
1743 2345 1850 2405 γῆν

283 2501 308 2539 2
341 2496 392 2539 δὲ
424 2497 534 2540 BM
636 2501 663 2539 4
696 2494 765 2540 ὅτ’
792 2494 853 2542 ἂν
886 2499 931 2541 Α
1034 2502 1057 2540 7
1092 2498 1237 2556 βαρὺς
1268 2495 1332 2542 ὢν
1360 2498 1431 2542 UI
1455 2497 1578 2540 Fabr
1678 2501 1732 2538 13
1764 2514 1847 2554 χα-

163 2552 452 2599 λεπαίνουσι
484 2568 569 2610 per
598 2569 673 2598 ras
706 2569 731 2598 e
792 2554 1120 2600 αλεπαίνουσιν
1153 2557 1258 2600 ΒΜ
1269 2559 1292 2623 ‘fl
1335 2555 1386 2599 δὲ
1418 2556 1528 2599 ΒΜ
1646 2560 1699 2598 15
1732 2555 1846 2599 ἀλλὰ

163 2614 272 2657 ΒΜ
390 2618 443 2656 17
476 2614 641 2657 πολλαὶ
673 2613 759 2672 (αἱ
827 2615 895 2658 Re
926 2615 1066 2658 Anim
1093 2618 1099 2671 Ι
1128 2614 1234 2659 ἐστὰ
1265 2614 1314 2657 in
1345 2613 1493 2671 μεστὰ
1504 2629 1565 2661 m
1595 2627 1671 2657 ras
1703 2614 1767 2658 P²
1799 2616 1847 2657 et

162 2671 222 2715 12
297 2671 409 2727 μετὰ
436 2673 481 2717 U
504 2673 552 2715 et
580 2672 630 2715 in
660 2687 794 2729 marg
819 2675 904 2718 Mo
1024 2677 1080 2716 20
1113 2674 1298 2730 signum
1328 2673 1708 2729 interrogationis
1741 2675 1849 2729 post

163 2727 250 2774 οὖν
287 2730 446 2786 posuit
484 2730 640 2774 Gasda
685 2734 792 2787 post
839 2731 1104 2789 ἐψευσάμην
1150 2733 1308 2776 delens
1445 2737 1497 2775 21
1539 2730 1608 2782 τίς
1638 2734 1683 2776 Α
1777 2733 1848 2783 τὶς

164 2790 246 2833 Mo
396 2794 451 2832 22
498 2789 621 2833 inter
666 2790 748 2845 μὲν
795 2791 843 2834 et
888 2791 934 2835 οἳ
978 2790 1156 2834 habent
1199 2787 1281 2835 οὖν
1313 2791 1424 2835 ΒΜ
1458 2790 1546 2857 γᾲρ
1586 2791 1710 2834 inser
1740 2791 1774 2833 Ι
1782 2790 1798 2814 ²

164 2847 226 2898 ὡς
264 2861 339 2891 om
370 2849 534 2893 BMU
579 2848 703 2892 inser
733 2847 791 2892 1²
815 2850 835 2923 Ι
878 2848 1044 2906 ἥδιστα
1076 2850 1215 2894 MoU
1256 2851 1303 2893 et
1341 2863 1443 2893 corr
1488 2849 1536 2892 in
1583 2846 1733 2905 ἥδιστ’
1754 2848 1810 2894 1²

163 2906 437 3009 ἀναιέήρίατι
467 2908 513 2951 Β
634 2911 688 2950 23
720 2907 959 2963 τιμήσαιεν
1005 2908 1066 2952 ἄν
1106 2910 1217 2952 ΒΜ
1252 2909 1259 2966 Ι
1303 2905 1350 2952 δ’
1378 2908 1501 2952 inser
1530 2907 1588 2951 1²
1709 2913 1764 2950 24
1796 2923 1847 2965 γε

163 2978 239 3008 om
309 2979 336 3009 a
371 2981 393 3007 r
