2026 3168
671 157 897 202 LIBANII
911 158 915 163 ’
929 150 1272 201 ORATIONES'
1739 157 1808 209 47

248 299 453 347 Initium
507 298 744 346 orationis
805 296 873 356 εἰς
920 292 1190 346 Ἰουλιανὸν
1243 294 1576 362 αὐτοκράτορα
1627 295 1816 345 ὕπατον

138 368 185 441 (Ι
211 373 332 433 366,
352 374 597 433 1-372,
618 365 672 438 6)
706 387 736 419 a
766 388 843 420 me
877 387 1003 419 anno
1036 365 1289 434 1869l70,
1321 371 1558 418 orationis
1590 368 1699 436 περὶ
1729 368 1816 434 τῆς

138 445 314 496 ἑαυτοῦ
359 445 509 510 τύχης
559 439 607 512 (1
650 447 829 507 1-9,
871 438 962 511 14)
1019 460 1146 493 anno
1198 446 1336 492 1897
1395 461 1424 493 a
1468 444 1558 492 Pio
1604 444 1814 504 Franchi

135 521 193 568 de
234 519 503 568 Cavaleriis
542 536 706 567 meum
743 519 796 566 in
834 534 976 566 usum
1015 519 1251 566 collatum
1289 520 1376 566 est.

250 611 294 656 9.
360 608 521 657 Codex
573 608 1014 670 Neapolitanus
1059 606 1110 654 II
1148 607 1188 654 E
1230 607 1295 654 18
1354 600 1496 674 (LIII
1541 608 1593 654 in
1641 605 1816 668 cyrilli

137 683 364 745 catalogo
405 681 639 731 Codicum
685 697 972 744 graecorum
1010 681 1123 729 Mss.
1163 681 1281 744 Reg.
1321 681 1450 728 Bibl.
1489 680 1636 728 Borb.
1676 681 1729 727 T.
1766 679 1817 727 Π

134 756 348 818 Neapoli
368 757 505 804 1832
533 773 579 817 p.
601 758 701 803 111
719 771 804 817 sq„
827 755 1091 802 XXXII-in
1113 755 1274 803 indice
1298 754 1525 803 Baffiano
1538 748 1580 821 1)
1607 747 1817 822 (1792),

135 830 254 878 olim
291 830 618 878 bibliothecae
657 830 1005 878 Farnesiorum
1044 829 1269 877 conditae
1307 828 1445 876 illius
1486 844 1515 876 a
1552 828 1708 877 Paulo
1740 828 1818 875 III

136 897 588 971 (1534—1540),
642 904 928 951 chartaceus
978 903 1165 950 formae
1221 905 1424 951 octavae
1479 903 1674 951 saeculo
1725 901 1817 950 XV

136 978 341 1027 diversis
378 978 606 1025 manibus
645 980 888 1025 exaratus.

180 1132 183 1136 s
245 1066 350 1114 Fol.
396 1069 422 1114 1
487 1066 586 1114 Inc.
640 1072 726 1114 τοῦ
773 1063 928 1130 πυρὸς
974 1059 1107 1114 εἶπεν
1161 1065 1258 1113 des.
1305 1063 1359 1114 τὸ
1406 1063 1672 1130 πρόσωπόν
1726 1079 1816 1114 σου

136 1139 226 1204 μὴ,
283 1140 414 1202 quod
465 1141 623 1202 excipi
666 1139 867 1188 videtur
919 1139 1037 1187 folio
1088 1140 1117 1187 8
1173 1139 1438 1202 incipiente
1491 1138 1816 1204 καταισχύνης

135 1211 280 1278 ἡμᾶς,
323 1213 573 1262 desinente
612 1211 664 1262 ἐν
702 1220 760 1277 τῆ
800 1212 990 1277 καμίνω
1029 1211 1267 1279 λέγοντες;
1339 1279 1341 1281 ¹

243 1288 348 1335 Fol.
384 1289 523 1335 2—7
567 1287 667 1335 alia
705 1303 858 1334 manu
898 1289 1099 1335 exarata
1138 1291 1265 1336 sunt.
1807 1335 1809 1338 .

245 1362 348 1451 Fpl.
383 1363 413 1408 2
461 1359 700 1420 ὑπόθεσις
737 1367 824 1409 τοῦ
870 1359 1066 1426 πρώτου
1114 1358 1433 1410 ὀλυνθιακοῦ.
1510 1360 1610 1408 Inc.
1639 1355 1815 1409 ’'Okvvss

136 1438 231 1493 θος
271 1453 335 1498 ην
749 1436 753 1439 ”
1176 1454 1180 1457 ·

248 1511 305 1556 2Ῡ
357 1506 598 1567 ὑπόθεσις
646 1516 734 1558 τοῦ
783 1506 892 1575 περὶ
942 1515 1029 1557 τοῦ
1079 1508 1342 1574 στεφάνου,
1395 1509 1526 1571 quod
1577 1500 1817 1571 excipitur

136 1582 256 1631 folio
302 1585 345 1632 7.
422 1583 619 1630 Folium
662 1585 717 1631 7³⁷
754 1598 978 1649 vacuum¹
1007 1585 1093 1631 est.

244 1657 349 1706 Fol.
385 1659 414 1704 3
457 1656 676 1720 μονωδία
714 1655 782 1715 εἰς
819 1655 909 1721 τὴν
940 1656 1311 1720 θεσσαλονίκην.
1373 1657 1474 1706 Inc.
1508 1653 1545 1705 ὢ
1576 1655 1744 1719 πόποι,
1784 1648 1816 1720 ἦ

133 1733 306 1793 θαῦμα
354 1728 474 1796 μέγα
521 1724 595 1789 οἷς
642 1727 977 1794 ὀφθαλμοῖσιν
1025 1727 1223 1797 ὁρῶμαι.
1302 1731 1415 1779 Des.
1455 1731 1539 1778 fol.
1575 1732 1633 1778 gv
1678 1728 1817 1797 ὄρνιν

134 1803 278 1867 τήνδε
316 1802 568 1869 γενέσθαιε
610 1804 759 1853 Cuius
800 1805 865 1852 sit
903 1805 1132 1866 auctoris,
1170 1805 1359 1868 ignoro.

247 1877 367 1925 Inde
409 1894 438 1926 a
475 1879 595 1926 folio
638 1881 666 1927 9
708 1894 837 1926 nova
875 1879 1052 1942 incipit
1089 1894 1277 1927 manus.

147 2011 149 2014 ι
246 1951 350 1999 Fol.
385 1954 414 1999 9
472 1934 814 2015 δημοσθένους
852 1951 1056 2018 ῥήτορος
1094 1949 1391 2010 ὅλυνθιακὸς
1429 1958 1618 2018 πρῶτος

250 2027 316 2072 12
371 2024 610 2084 ὑπόθεσις
656 2032 743 2074 τοῦ
790 2023 1018 2091 δευτέρου
1064 2025 1212 2091 λόγου
1258 2032 1355 2074 τῶν
1403 2022 1719 2075 ὀλυνθιακῶν
1769 2027 1818 2073 et

135 2097 277 2164 λόγος

252 2173 316 2220 16
372 2170 611 2231 ὑπόθεσις
648 2180 735 2221 τοῦ
773 2172 935 2238 τρίτου
975 2175 1024 2221 et
1061 2172 1203 2239 λόγος
1240 2173 1398 2239 τρίτος

252 2249 318 2294 21
377 2246 543 2295 Prima
588 2247 641 2294 in
678 2246 963 2309 Philippum
1010 2248 1169 2295 oratio
1216 2263 1328 2295 cum
1373 2247 1635 2310 hypothesi
1667 2246 1815 2295 titulo

139 2336 295 2382 priva.
1195 2340 1197 2343 ·

251 2396 316 2443 26
360 2391 615 2458 ὀνομάτων
653 2391 859 2442 ἀττικῶν
899 2393 1106 2459 συλλογὴ
1139 2393 1380 2461 ἕκλεγεῖσα
1411 2392 1508 2443 ἀπὸ
1539 2401 1626 2459 τῆς
1656 2411 1817 2459 τεχνο-

136 2467 300 2532 λογίας
346 2474 442 2516 τῶν
487 2467 693 2518 εἰκόνων
738 2475 825 2516 τοῦ
872 2467 1210 2534 φιλοστράτου,
1257 2465 1322 2532 ἣν
1361 2466 1547 2527 ἐξέδοτο
1587 2465 1613 2516 ὁ
1653 2467 1817 2531 σοφώ-
1855 2465 1861 2470 “

136 2558 276 2599 τατος
312 2540 481 2606 κύριος
521 2541 743 2606 μανουὴλ
789 2538 815 2590 ὅ
855 2542 1210 2606 μοσχόπουλος,
1253 2545 1532 2608 συλλεγεῖσα
1576 2540 1673 2591 ἀπὸ
1719 2548 1817 2590 τῶν

137 2614 339 2678 βιβλίων
368 2622 465 2663 τῶν
495 2622 714 2679 ποιητῶν
744 2614 825 2664 καὶ
858 2619 1148 2665 συντεθεῖσα
1180 2615 1398 2665 ἐνταῦθα
1427 2614 1549 2664 κατὰ
1583 2619 1817 2681 στοιχεῖον

140 2681 352 2754 (Fabric.
393 2689 568 2737 Harles
606 2690 639 2738 1.
670 2690 701 2737 1.
734 2690 780 2736 V
814 2684 943 2756 550)

251 2763 319 2809 44
360 2763 609 2826 Λιβανίου
647 2762 991 2829 πρεσβευτικὸς
1028 2762 1150 2829 πρὸς
1188 2762 1304 2822 τοὺς
1342 2770 1497 2830 τρῶας
1536 2761 1765 2827 μενέλαος

251 2836 318 2882 48
359 2834 482 2901 πρὸς
518 2835 603 2884 τὸν
640 2834 830 2901 ἀχιλλέα
868 2836 1211 2903 πρεσβευτικὸς
1248 2835 1345 2886 ἀπὸ
1385 2837 1658 2903 πατρόκλου

261 2962 303 3018 1)
336 2961 776 3018 Fabricius—Harles,
808 2962 927 3006 Bibl.
962 2975 1111 3019 graec.
1144 2962 1186 3007 V
1213 2968 1295 3007 774
1314 2977 1381 3019 sq.
