2026 3168
693 183 921 227 LIBANII
952 181 1295 228 ORATIONES
1731 182 1841 235 295

147 320 301 391 Ιμέων
337 321 439 390 τὴν
476 321 683 390 ἄνδρας
727 316 830 388 μὲν
867 319 1128 389 ἀρίστους
1171 319 1520 388 ἠδικηκυῖαν,
1568 319 1740 387 φίλην
1779 318 1842 371 δὲ

151 412 260 479 σοί,
297 407 388 463 καὶ
426 418 605 472 κακῶς
641 405 744 476 μὲν
782 406 875 462 ὑπ’
906 409 1089 461 ἄλλων
1128 407 1461 475 ἀκούουσαν,
1500 405 1742 460 ἐπαίνων
1779 403 1841 459 δὲ

151 499 299 569 παρὰ
351 505 455 551 σοῦ
509 498 896 567 τυγχάνουσαν
950 497 1044 550 διὰ
1095 497 1196 565 τὴν
1249 497 1327 559 εἰς
1377 496 1480 565 τὴν
1527 495 1788 563 εὐλογίαν
1831 492 1837 565 Ι

149 587 397 656 ἀνάγκην
446 588 548 655 τὴν
600 586 715 640 ἀπὸ
761 594 861 639 τοῦ
913 586 1092 639 πάντα
1152 587 1357 653 λαβεῖν.
1447 584 1581 638 οὐδὲ
1640 585 1744 654 γὰρ
1776 595 1819 639 R
1842 601 1929 639 217

150 676 400 746 ὀσπρίων
438 675 467 729 ὁ
509 676 709 743 σεμνὸς
759 670 922 738 οὗτος
970 672 1259 744 ἀπέσχετο,
1311 669 1390 727 ὧν
1430 672 1692 742 ἐνέπλησε
1741 673 1841 725 τὸν
1889 695 1906 726 5

150 764 329 835 ἀγρὸν
381 765 480 818 τὸν
533 763 734 818 ἑαυτοῦ
794 763 985 826 πιέσας
1038 765 1168 826 τοὺς
1228 763 1410 832 ὤμους
1470 771 1582 815 των
1639 768 1842 815 τοῦτον

152 851 301 925 αὐτῷ
334 854 746 961 γεωργούντων.
807 851 893 905 25.
933 851 1025 905 καὶ
1062 850 1189 922 περὶ
1227 851 1500 920 τεττάρων
1540 850 1602 904 δὲ
1640 849 1843 919 ἑτέρων

149 943 365 995 πόλεων
404 942 505 1011 οὐχ
544 942 688 995 ου’τω
727 961 829 1009 μεν
866 941 1136 1009 μεγάλων,
1174 942 1390 993 πόλεων
1427 940 1490 993 δὲ
1526 937 1618 992 καὶ
1657 938 1842 992 αὐτῶν

151 1032 363 1098 ἤκουσα
400 1033 752 1101 παραπλήσια
789 1037 890 1083 τοῦ
928 1035 1211 1097 πευθῆνος
1249 1028 1536 1091 ἐλεοῦντος
1574 1027 1675 1094 μὲν
1709 1029 1841 1090 τοὺς

152 1120 482 1187 δεδωκότας,
544 1118 904 1181 ἀπειλοῦντος
965 1119 1026 1171 δὲ
1078 1124 1152 1190 τῷ
1205 1119 1453 1186 λαβόντι,
1514 1116 1616 1179 ἕως
1669 1116 1840 1169 αὐτὸν
1865 1138 1907 1169 10

151 1206 442 1277 διήλλαξεν
480 1207 514 1277 ἡ
553 1209 817 1261 κοινωνία
850 1216 962 1260 τῶν
993 1207 1301 1276 λημμάτων.
1363 1206 1450 1258 26.
1489 1204 1748 1277 ᾐσθόμην
1779 1202 1842 1258 δὲ

152 1296 327 1350 αὐτὸν
357 1294 449 1349 καὶ
479 1297 609 1367 τῇδε
639 1305 821 1366 χεῖρας
851 1296 953 1363 μὲν
986 1297 993 1365 Ι
1028 1294 1116 1348 ἐπὶ
1148 1296 1249 1364 τὴν
1279 1295 1490 1363 βουλὴν
1520 1293 1748 1363 ἀφέντα,
1777 1307 1820 1350 R
1843 1311 1931 1350 218

151 1384 376 1438 ἑλκύσαι
428 1385 490 1438 δὲ
539 1385 606 1438 οὐ
659 1384 975 1453 δυνηθέντα
1021 1392 1137 1447 τοῖς
1186 1382 1551 1454 χειροτέχναις
1589 1382 1841 1452 ἐπιθέμε-

149 1493 266 1526 νον.
342 1475 651 1543 μελλήσεως
691 1473 757 1526 δέ
790 1493 941 1536 τινος
979 1471 1278 1542 γενομένης
1314 1474 1410 1535 τὰς
1447 1473 1658 1541 πληγὰς
1704 1471 1840 1525 ἐκεί-

149 1582 250 1625 νας
310 1563 521 1630 ἥκουσα
579 1563 675 1625 τὰς
736 1561 1057 1631 ἀμυθήτους
1117 1560 1406 1631 γενέσθαι,
1467 1559 1594 1630 παρ’
1655 1556 1837 1630 ὦνπερ
1862 1582 1906 1614 15

149 1652 344 1719 ἤλπισε
390 1651 482 1704 καὶ
518 1651 802 1714 θανάτους
848 1653 1087 1704 ἔσεσθαι.
1165 1650 1251 1703 27.
1299 1651 1365 1703 οὐ
1406 1651 1529 1720 γὰρ’
1549 1646 1689 1718 ὑπὲρ
1728 1658 1841 1702 τῶν

153 1740 318 1808 ἰχθῦς
371 1738 681 1793 ἐσθιόντων
735 1739 1059 1808 ἀγανακτῶν
1112 1738 1233 1792 οὐδ’
1294 1739 1432 1809 ὑπὲρ
1488 1748 1600 1792 τῶν
1653 1740 1841 1791 ἔλαιον

150 1827 488 1897 ὠνουμένων
518 1827 609 1881 καὶ
643 1826 780 1891 ξύλα
810 1830 941 1891 τοὺς
970 1825 1072 1897 μὲν
1103 1828 1243 1891 ὅλως
1274 1823 1354 1881 ὧν
1378 1827 1630 1881 ἐπώλουν
1654 1825 1839 1895 ἔπαυε,

150 1924 267 1979 τοῖς
317 1913 378 1969 δὲ
424 1926 535 1970 τῶν
580 1926 754 1985 τιμῶν
801 1917 1024 1988 ἀφῄρει,
1075 1915 1190 1969 ἀλλ’
1237 1917 1316 1979 εἰς
1354 1917 1455 1984 τὴν
1492 1915 1618 1985 παρ’
1666 1915 1838 1969 αὑτοῦ

149 2015 356 2075 πρᾶσιν
407 2013 580 2058 ταῦτα
633 2006 784 2074 ἄγων
830 2004 1195 2075 ἐκακοτέχνει,
1250 2003 1339 2058 καὶ
1393 2006 1454 2058 τὸ
1508 2005 1608 2074 μὲν
1663 2013 1840 2074 σχῆμα
1862 2026 1907 2057 20

152 2093 532 2164 εὐπρόσωπον,
582 2095 643 2147 τὸ
694 2093 743 2147 δ’
791 2097 957 2164 ἔργον
1006 2097 1430 2164 χρηματίζεσθαι
1476 2092 1837 2161 βουλομένου.

151 2182 237 2234 28.
276 2182 568 2251 χρημάτων
598 2184 793 2236 τοίνυν
829 2183 1010 2235 εἵνεκα
1049 2181 1193 2251 λέγει
1233 2202 1291 2235 τε
1330 2182 1433 2235 ὅσα
1471 2181 1634 2250 λέγει,
1671 2181 1839 2252 πράτ-

272 2361 296 2400 9
326 2357 550 2428 πευθὴν
583 2356 607 2401 ὁ
638 2356 697 2401 τὰ
728 2355 967 2414 μακρόθεν
998 2355 1260 2413 μανθάνων
1291 2357 1372 2400 καὶ
1402 2354 1700 2413 ἀπαγγέλλων
1742 2357 1786 2400 V

154 2420 208 2458 19
240 2414 429 2490 ἀφῄρει]
462 2433 506 2459 τι
538 2414 773 2473 δηλονότι·
810 2417 1147 2489 ἀφαιρεῖται
1178 2415 1230 2460 δε
1261 2415 1345 2472 τὴν
1377 2414 1524 2472 ἀρχήν
1548 2432 1618 2465 τις
1648 2416 1731 2472 τὴν
1755 2421 1847 2470 τοῦἱ
1917 2413 1922 2423 “

152 2477 308 2525 δεῖνος
338 2474 441 2530 ἤτοι
472 2474 585 2531 μετὰ
616 2473 827 2528 ἐξουσίας
857 2474 1053 2531 ἁρπάζει
1083 2475 1164 2518 καὶ
1195 2475 1256 2525 ὡς
1286 2473 1522 2533 ὑπερέχων
1550 2475 1592 2518 V

271 2642 297 2680 5
331 2635 536 2692 ὀσπρίων
561 2638 629 2681 Re
706 2636 730 2681 ὁ
764 2635 965 2692 σπείρων
997 2636 1106 2680 libri
1130 2637 1230 2694 (sed
1260 2637 1311 2680 in
1335 2638 1380 2681 P
1400 2650 1483 2694 pro
1516 2635 1540 2681 ὁ
1574 2638 1644 2680 est
1673 2649 1837 2679 rasura

151 2694 288 2739 unius
326 2695 529 2754 litterae)
569 2698 618 2740 et
647 2696 780 2753 Bong
929 2701 955 2740 8
987 2696 1048 2753 μὴ
1082 2698 1167 2741 Mo
1318 2701 1372 2740 10
1412 2715 1447 2740 ω
1486 2696 1537 2739 in
1575 2692 1838 2745 δεδωκότας

152 2766 254 2797 corr
292 2767 349 2798 ex
379 2771 403 2799 ο
439 2756 501 2800 0¹¹
654 2761 706 2799 12
748 2756 891 2799 αὐτοῦ
922 2756 958 2798 Ι
993 2758 999 2811 Ι
1042 2753 1212 2811 ἐφέντα
1252 2755 1430 2799 comcio
1471 2754 1574 2799 coll.
1608 2754 1721 2797 11.oe
1749 2758 1834 2797 567

153 2811 237 2856 Od.
267 2830 298 2856 α
326 2818 413 2857 254
473 2814 578 2857 Eur.
609 2814 719 2858 Hec.
751 2818 865 2858 1128
988 2818 1041 2858 17
1075 2812 1331 2859 ἐσθιόντων
1362 2828 1419 2858 ex
1449 2814 1702 2859 ἑστιώντων
1734 2825 1838 2856 corr

154 2872 200 2915 B
225 2871 232 2930 Ι
260 2871 370 2916 οὐδὲ
394 2874 534 2918 ΙΒΜ
552 2873 685 2929 Bong
723 2873 728 2921 Ι
773 2880 807 2917 ῶ
838 2872 888 2915 in
918 2880 1009 2918 τῶν
1041 2887 1143 2916 corr
1173 2887 1229 2917 ex
1261 2874 1306 2917 οὶ
1330 2873 1403 2918 P³
1531 2877 1583 2916 18
1617 2870 1731 2922 ὅλως
1759 2886 1837 2915 om

153 2931 293 2975 IBM
318 2930 451 2988 Bong
609 2937 663 2975 19
702 2933 811 2981 τοὺς
844 2933 881 2976 C
919 2940 924 2989 Ι
966 2933 1111 2976 αὑτοῦ
1150 2932 1219 2976 Ro
1310 2933 1454 2976 αὐτοῦ
1497 2931 1605 2975 libri
1643 2930 1778 2988 Bong

153 2993 209 3032 20
242 2989 401 3033 στάσιν
434 2993 468 3034 Ι
611 2997 664 3034 21
699 2990 749 3036 δὲ
781 2992 921 3035 ΙΒΜ
1067 2996 1122 3034 22
1154 2989 1334 3049 τοίνυν]
1368 2992 1415 3035 τὲ
1448 2993 1587 3035 ΙΒΜ
1606 2990 1740 3047 Bong
