2026 3168
686 109 870 154 LIBAN
871 110 913 154 11
943 108 1285 154 ORATIONES
1718 110 1823 162 231

256 269 302 315 p.
339 251 404 298 76
446 256 533 298 τοῦ
573 248 725 298 αὐτοῦ
764 248 1020 313 ἐπιτάφιος
1059 247 1137 299 ἐπὶ
1170 244 1420 299 Ἰουλιανῶ
1452 247 1709 311 ἀκέφαλος.
1748 247 1826 298 ἐν·

145 324 292 375 θένδε
323 322 382 373 τὰ
411 330 498 372 τοῦ
530 322 870 387 τετυπωμένον
901 323 1117 389 χάσματα
1149 327 1561 390 συμπληροῦσθαι
1592 322 1718 387 ἐξείη
1750 321 1824 371 ἄν.

254 416 301 462 p.
329 399 432 446 573
467 398 717 462 Λιβανίου
748 405 835 446 τοῦ
862 404 1100 460 σοφιστοῦ
1131 396 1393 462 ἐπιστολαί,
1425 414 1635 460 quarum
1665 398 1825 459 prima

144 490 219 536 est
254 482 317 535 “A
362 483 450 550 μὲν
496 484 788 550 ἐδεήθημεν,
842 487 1019 535 ultima
1067 471 1166 553 (κξ)
1214 488 1266 534 in
1312 504 1358 549 p.
1402 488 1505 535 616
1555 484 1713 551 Δέχου
1761 484 1822 549 δὴ

141 559 247 625 καὶ,
287 560 371 609 sed
410 564 534 622 quae
574 562 926 609 continuantur
962 563 1015 608 in
1054 562 1303 609 volumine
1342 561 1555 609 secundo
1596 554 1822 627 (Advers.

144 630 252 702 21).
330 634 456 682 Sunt
509 636 750 696 epistulae
804 635 1077 698 descriptae
1136 651 1161 683 6
1215 635 1462 684 codicibus
1515 634 1823 683 Bodleianis:

139 709 455 758 Baroccianis
493 725 565 772 gr.
599 710 646 771 4,
688 711 735 770 9,
768 710 851 770 56,
893 710 978 771 50,
1015 708 1272 757 Laudiano
1311 710 1376 756 16
1422 735 1483 741 -
1526 709 1824 757 bibliotheca

139 782 322 831 Laudii
362 782 716 846 archiepiscopi
749 781 1115 832 Cantuariensis
1155 798 1284 831 anno
1319 783 1458 831 1636
1500 783 1823 830 Bodleianam

138 857 347 905 intravit
389 883 452 889 --
495 856 767 905 Bodleiano
805 857 940 907 Misc.
975 857 1059 905 38.

250 931 447 993 Inspexi
486 946 613 978 anno
657 931 812 979 1880.

249 1005 356 1054 Hoc
387 1005 729 1068 apographum
759 1004 1189 1069 Langbainianum
1220 1005 1295 1053 bis
1326 1004 1704 1066 transscriptum
1737 1007 1823 1052 est.

253 1079 335 1127 25.
368 1078 442 1127 Ac
471 1079 608 1140 prius
633 1079 833 1141 quidem
865 1080 1206 1143 apographum
1236 1095 1265 1126 a
1289 1077 1624 1127 Godofredo
1651 1076 1822 1126 Olea-

138 1146 281 1219 riol)
306 1154 492 1201 factum
517 1155 565 1200 et
589 1168 699 1200 cum
723 1152 792 1200 Io.
810 1153 1016 1201 Alberto
1034 1153 1258 1201 Fabricio
1277 1154 1692 1201 communicatum
1715 1169 1822 1214 per-

137 1227 251 1275 iisse
301 1226 512 1275 videtur.
588 1227 719 1274 Nam
771 1229 822 1274 in
878 1227 1041 1275 codice
1094 1227 1422 1275 bibliothecae
1473 1226 1824 1275 Universitatis

138 1300 437 1349 Havniensis
485 1294 711 1366 (Collect.
751 1301 940 1349 Fabric.
988 1319 1034 1349 n.
1078 1294 1194 1367 90),
1248 1302 1300 1348 in
1347 1316 1497 1363 quam
1551 1299 1739 1348 codices
1795 1315 1824 1347 a

137 1374 364 1423 Fabricio
404 1374 567 1422 relicti
606 1374 933 1436 intraverunt,
971 1377 1169 1422 tantum
1210 1390 1326 1437 pars
1369 1374 1657 1438 apographi,
1697 1374 1823 1436 epis-

135 1449 355 1496 tularum
393 1449 618 1496 collectio
667 1465 816 1511 quam
854 1464 1004 1511 supra
1041 1449 1280 1509 indicavi,
1319 1442 1539 1515 exstat.²'‘)
1618 1448 1692 1496 Ex
1730 1449 1822 1496 hoc

135 1538 251 1570 vero
303 1522 587 1586 apographo
640 1520 866 1571 Olearius
918 1523 1192 1572 orationem
1245 1519 1367 1589 ὑπὲρ
1418 1529 1504 1587 τῆς
1548 1516 1821 1571 Ἰουλιανοῦ

135 1596 367 1662 τιμωρίας
412 1595 611 1657 Lipsiae
654 1598 818 1658 1701,
867 1613 925 1644 ex
972 1597 1163 1659 eodem,
1209 1597 1282 1645 ita
1321 1599 1488 1645 tamen
1531 1599 1588 1644 ut
1631 1597 1685 1644 in
1730 1596 1822 1644 hac

137 1672 359 1718 oratione
399 1671 551 1718 etiam
597 1671 938 1734 apographum
976 1670 1279 1720 Wolfianum
1325 1671 1600 1732 adhiberet,
1651 1670 1822 1718 Fabri-

135 1746 238 1792 cius
277 1744 404 1792 Bibl.
444 1759 601 1808 graec.
642 1745 696 1792 T.
726 1744 820 1792 VH
856 1761 903 1807 p.
940 1746 1228 1793 145—378
1263 1738 1563 1812 (Hamburgi
1599 1737 1819 1811 1715)3)

136 1820 371 1880 quattuor
408 1818 521 1865 illas
561 1819 809 1868 orationes
847 1812 1189 1885 publicavit.4)

245 1892 473 1940 Alterum
520 1893 861 1955 apographum
908 1908 1036 1940 anno
1080 1895 1219 1942 1708
1260 1893 1448 1941 factum
1494 1893 1556 1940 ab
1595 1892 1820 1941 Ioanne

136 1964 568 2027 Christophoro
607 1960 876 2032 Wolfio5)
918 1968 1167 2030 integrum
1204 1969 1485 2015 continetur

255 2153 297 2207 1)
341 2150 551 2195 Olearius
594 2151 757 2195 scribit
793 2151 1006 2196 Fabricio
1047 2152 1208 2208 Lipsia
1252 2165 1372 2196 anno
1416 2156 1548 2196 1695:
1597 2153 1822 2197 Accedent

136 2210 419 2265 (Anecdotis)
453 2211 679 2256 orationes
710 2216 797 2255 tres
825 2212 1020 2255 Libanii
1050 2212 1249 2255 ineditae
1279 2225 1335 2256 sc.
1369 2211 1484 2266 ὑπὲρ
1515 2216 1598 2267 τῆς
1623 2208 1818 2255 Ἰουλια·

134 2276 219 2313 νοῦ
257 2267 479 2326 τιμωρίας
514 2284 634 2324 um,
676 2270 793 2324 πρὸς
834 2270 943 2320 τοὺς
981 2270 1130 2328 βαρὺν
1170 2270 1314 2314 αὐτὸν
1346 2269 1629 2320 καλέσαντας
1659 2271 1819 2324 altera,

134 2329 268 2373 tertia
297 2342 399 2373 vero
429 2329 546 2384 πρὸς
563 2326 808 2386 Ἀντιοχεῖς
838 2329 943 2384 περὶ
974 2335 1057 2385 τῆς
1086 2336 1168 2373 τοῦ
1201 2328 1422 2388 βασιλέως
1446 2329 1594 2387 ὀργῆς.
1644 2330 1819 2387 Quibus

132 2387 248 2441 forte
278 2388 447 2431 addam
479 2393 690 2443 quartam
729 2389 781 2431 in
817 2402 965 2433 ‘necem
997 2389 1203 2441 Iuliani,
1250 2403 1386 2444 quam
1420 2390 1643 2433 Morellus
1678 2389 1727 2433 T.
1762 2390 1826 2432 II

132 2449 227 2490 270
256 2448 514 2491 mutilatam
545 2447 701 2502 edidit,
734 2461 870 2503 quam
900 2448 1154 2505 inteyritati
1182 2461 1292 2492 suae
1321 2450 1575 2492 restitutam
1605 2453 1647 2492 et
1673 2462 1828 2492 emenw

133 2505 288 2551 datam
319 2521 374 2550 ex
398 2506 501 2550 MS.
535 2507 645 2550 dare
676 2520 770 2550 non
801 2508 881 2550 abs
903 2521 951 2550 re
973 2509 1069 2561 fore
1092 2508 1296 2552 emistimo
1328 2506 1602 2564 (Reimarus,
1627 2506 1696 2551 De
1720 2507 1816 2550 vita

134 2564 282 2618 Fabr.,
315 2564 574 2623 Hamburgi
609 2569 721 2608 1737
754 2581 797 2622 p.
826 2568 941 2621 313).

252 2625 296 2680 2)
329 2623 394 2667 Cf.
429 2622 606 2678 Graux,
649 2624 839 2668 Notices
873 2624 1141 2668 sommaires
1173 2625 1254 2668 des
1286 2625 1563 2669 manuscrits
1594 2639 1726 2682 grecs
1759 2625 1816 2668 de

134 2681 181 2725 la
212 2681 396 2727 Grande
427 2682 747 2739 bibliotheque
778 2683 938 2739 royale
971 2683 1028 2727 de
1060 2682 1369 2741 Copenhague
1400 2699 1445 2741 p.
1474 2688 1570 2728 103.

253 2742 296 2797 3)
327 2741 379 2784 In
411 2742 615 2786 editione
649 2742 798 2786 altera
829 2742 887 2785 ab
920 2742 1133 2786 Harlesio
1165 2745 1326 2786 curata
1359 2743 1539 2786 desunt.

251 2802 296 2856 4)
329 2799 395 2844 Cf.
429 2814 549 2856 quae
579 2816 623 2857 p.
651 2806 734 2845 381
763 2803 811 2845 et
835 2805 919 2845 396
952 2800 1083 2844 dixit.

253 2860 296 2914 5)
329 2858 499 2902 Scribit
540 2859 580 2903 is
619 2860 832 2904 Fabricio
876 2860 1135 2918 Cantabriy.
1178 2865 1208 2905 6
1249 2862 1392 2906 Mart.
1435 2865 1580 2905 1708:
1627 2862 1816 2904 Praeter

135 2919 226 2962 300
266 2922 308 2961 et
348 2919 547 2973 amplius
588 2920 801 2974 epistolas
838 2921 1033 2964 Libamti
1075 2924 1162 2964 tres
1200 2921 1297 2964 eius
1333 2921 1560 2965 orationes
1600 2920 1816 2964 hactenus

1856 1090 1911 1128 29
