2026 3168
676 131 904 176 LIBANII
936 129 1278 198 ORATIONES
1714 128 1815 183 101

138 268 361 337 πληγεὶς
397 268 498 335 τὴν
536 269 720 336 ψυχὴν
756 275 871 330 τοῖς
909 265 1214 336 εἰρημένοις
1257 263 1379 335 ᾔειν
1416 264 1542 335 παρ’
1588 264 1819 334 ἐκεῖνον,

140 357 201 419 ὅς
244 375 338 424 μοι
381 354 740 424 προύξενήκει
783 363 885 424 τὴν
928 356 1115 423 πόλιν,
1162 355 1233 417 ὡς
1281 351 1342 407 δὲ
1388 354 1666 424 ἀνέμνησα
1710 363 1822 408 τῶν

140 447 342 513 λόγων,
388 453 515 507 παῖς
557 441 629 513 εἷ,
684 446 814 513 ἔφη,
859 443 1003 511 μάλα
1047 453 1202 511 παῖς,
1257 445 1305 496 εῑ
1345 444 1413 512 δὴ
1460 443 1666 497 ὁπόσον
1707 442 1822 496 ἐστὶ

139 535 343 602 καιρός,
380 533 484 586 οὐκ
527 529 695 586 οἶσθα
732 533 822 586 καὶ
861 540 1031 586 ταῦτα
1067 533 1218 601 ἥκων
1254 533 1330 595 εἰς
1362 532 1635 602 Δελφούς.
1688 532 1824 585 ὑπο-

141 620 381 691 σχέσεων
427 621 488 674 δὲ
535 619 787 690 ἐκείνων,
827 620 889 684 ἃς
926 628 1002 694 τῷ
1041 624 1163 694 πλῷ
1198 622 1510 690 κεκίνηκας,
1550 621 1720 675 αὐτόν
1764 640 1823 674 τε
1850 637 1888 674 ⁴⁶

139 711 201 764 σὲ
231 715 544 780 μεμνῆσθαι
575 710 809 779 μάταιον
840 709 1028 779 ἕτερόν
1057 729 1114 762 τε
1143 709 1589 779 ἀναμιμνήσκειν.
1642 714 1823 781 πληγῇ

139 799 307 869 ταύτῃ
340 798 570 869 δευτέρᾳ
599 800 823 867 πληγεὶς
856 796 863 870 Ι
899 798 1221 868 ἀπεχώρουν
1244 797 1501 867 Ἀθηνῶν
1530 817 1587 852 τε
1618 797 1759 868 ὁμοῦ
1790 811 1832 854 R
1852 814 1907 854 28

139 889 230 941 καὶ
278 887 496 950 ἐλπίδος
541 887 811 957 ἁμαρτών.
888 887 974 941 36.
1023 884 1095 956 ἦν
1141 886 1206 940 δέ
1248 907 1330 950 τις
1377 887 1578 940 αὐτόθι
1617 888 1824 941 Διονύ-

141 991 276 1045 σιος,
307 977 446 1046 ἀνὴρ
487 978 838 1046 Σικελιώτης,
878 976 1021 1029 οὕτω
1058 975 1225 1046 μέγας
1262 995 1321 1028 τε
1358 975 1450 1029 καὶ
1491 976 1726 1038 δυνατὸς
1765 977 1823 1028 ἔκ

140 1085 197 1119 τε
234 1074 346 1118 τῶν
384 1063 446 1118 ἐν
485 1066 663 1128 δίκαις
694 1066 887 1119 ἄθλων
917 1063 978 1118 ἔκ
1016 1084 1073 1118 τε
1111 1074 1223 1118 τῶν
1261 1063 1323 1118 ἐν
1362 1064 1553 1135 ἀρχαῖς
1583 1063 1825 1118 ἐπαίνων
1849 1085 1891 1118 10

143 1157 202 1207 ἔκ
241 1173 299 1207 τε
338 1152 651 1223 φιλοξενίας
691 1156 750 1206 ἔκ
787 1173 845 1207 τε
882 1162 981 1207 τοῦ
1021 1154 1223 1225 ῥᾳδίως
1261 1155 1361 1207 τὸν
1392 1158 1675 1207 λυποῦντα
1713 1152 1827 1207 ἑπι-

142 1243 373 1310 κλύζειν,
413 1243 551 1296 ὥστε
582 1241 880 1296 ἐλυσιτέλει
918 1249 994 1314 τῷ
1033 1244 1134 1311 τὴν
1169 1242 1342 1312 ἀρχὴν
1371 1240 1554 1312 ἔχοντι
1585 1247 1826 1313 χρῆσθαι

141 1334 441 1404 Διονυσίῳ.
510 1327 673 1394 οὗτος
711 1327 791 1385 ὧν
828 1351 886 1384 τε
926 1337 1062 1400 εἴην,
1102 1332 1276 1399 εἰδώς,
1308 1332 1472 1400 ἡνίκα
1503 1331 1827 1399 ἐπετρόπευε

143 1421 384 1491 Σύρους,
424 1427 499 1493 τῷ
530 1440 588 1473 τε
618 1423 885 1473 Νικοκλεῖ
913 1421 1091 1493 τούτῳ
1124 1429 1236 1474 τῶν
1266 1421 1403 1489 πρὸς
1436 1419 1527 1489 ἐμὲ
1558 1421 1828 1489 πρότερον

142 1509 599 1579 συνεφαψάμενος
635 1511 816 1578 λόγων
847 1511 1019 1563 ἔκειτο
1051 1517 1352 1578 τηνικαῦτα
1384 1509 1656 1577 ἀσθενῶν,
1689 1500 1732 1581 ᾧ
1758 1509 1826 1577 δὴ
1849 1529 1892 1563 15

141 1599 375 1668 μάλιστα
437 1597 797 1668 ἐβλαπτόμην.
896 1597 1013 1651 ἐπεὶ
1075 1598 1137 1651 δὲ
1202 1598 1394 1668 ῥαΐσας
1454 1599 1555 1652 τὸν
1616 1599 1827 1650 ἅπαντα

141 1690 342 1757 ἤκουσε
382 1689 550 1754 λόγον
586 1688 678 1740 καὶ
717 1688 790 1750 ὡς
829 1689 1199 1756 χειμαζοίμην,
1239 1688 1403 1740 δυοῖν
1445 1688 1549 1756 γὰρ
1590 1686 1687 1740 ἕνα
1726 1686 1828 1740 οὐκ

143 1772 287 1829 εἶναι
324 1784 562 1844 κρατεῖν,
603 1776 736 1829 οὐδὲ
773 1777 878 1847 γὰρ
923 1776 1025 1829 τὸν
1063 1774 1336 1845 Ἡρακλέα
1383 1777 1485 1844 τὴν
1528 1777 1828 1846 παροιμίαν

142 1863 340 1933 λέγειν,
381 1863 555 1937 ἑαυτῷ
587 1862 734 1918 τοῦτ’
781 1862 887 1933 ἔφη
927 1867 1199 1934 μελήσειν,
1238 1865 1311 1933 μὴ
1350 1872 1549 1934 χρῆναι
1588 1864 1649 1917 δὲ
1688 1863 1827 1916 ἀθυ-

142 1962 267 2023 μεῖν
313 1951 420 2022 ἐμέ,
466 1951 557 2006 καὶ
603 1953 664 2005 τὸ
710 1961 809 2006 τοῦ
858 1953 1160 2016 Πλάτωνος
1205 1952 1567 2023 προσέθηκεν,
1614 1953 1686 2016 ὡς
1726 1951 1821 2005 ὑπ’
1851 1973 1895 2005 20

145 2041 366 2111 ἀνδρῶν
411 2041 513 2095 οὐκ
558 2042 628 2095 ἄν
672 2059 805 2094 ποτε
851 2043 1117 2111 τρόπαιον
1162 2041 1536 2111 ἀθυμούντων
1583 2043 1841 2110 σταθείη.·

256 2130 341 2182 37.
377 2132 698 2200 Τρεπόμεθα
723 2131 791 2199 δὴ
814 2131 949 2200 πρὸς
971 2131 1038 2183 τὰ
1062 2130 1430 2200 ἀγωνίσματα,
1463 2132 1552 2184 καὶ
1585 2133 1698 2184 ἔδει
1727 2128 1829 2200 μὲν

144 2218 331 2289 ἕτερον
379 2219 477 2272 τὸν
525 2225 694 2271 ταῦτα
741 2219 1111 2288 διηγούμενον
1157 2215 1315 2288 εἶναι,
1352 2218 1358 2291 Ι
1398 2220 1523 2290 περὶ
1570 2219 1758 2290 ἑτέρου
1797 2232 1839 2276 R
1861 2235 1914 2275 29

149 2309 252 2376 γὰρ
293 2306 363 2361 ἀν
398 2306 580 2376 ἕτερος
612 2306 1136 2377 ἀποκεκαλυμμένως
1170 2306 1328 2377 διῄει,
1362 2310 1514 2377 λόγοι
1546 2328 1604 2362 τε
1636 2308 1828 2362 ὁπόσοι

272 2458 325 2497 13
359 2453 449 2498 CIL
481 2454 545 2497 VI
570 2458 696 2497 1673,
732 2452 838 2498 Cod.
865 2453 1037 2496 Theod.
1062 2452 1168 2497 Vm
1194 2458 1264 2507 18,
1287 2458 1314 2497 4
1423 2458 1477 2497 18
1508 2453 1627 2497 Plat.
1653 2453 1825 2498 Phaed.
1852 2469 1857 2473 *

150 2512 462 2629 &Cb-leffioeb.
488 2513 530 2557 V
553 2518 609 2556 49
724 2517 779 2556 20
811 2512 928 2556 Plat.
963 2511 1090 2556 criti.
1131 2511 1258 2557 1080
1366 2518 1422 2557 24
1453 2513 1588 2557 Isocr.
1623 2513 1681 2557 de
1711 2525 1827 2569 pace

266 2708 292 2746 2
324 2702 551 2760 ἀνέμνησε
583 2705 627 2748 L
748 2709 772 2748 ⁷
804 2704 949 2763 ταύτῃ
983 2703 1147 2760 scripsi
1178 2717 1203 2748 e
1235 2706 1324 2749 PB
1337 2706 1418 2749 VL
1451 2707 1639 2749 auctore
1678 2705 1746 2748 Re

146 2769 292 2806 ταῦτα
326 2764 414 2808 ΑΟ
448 2763 539 2807 edd
581 2765 587 2819 Ι
633 2763 825 2819 δεύτερα
857 2765 903 2807 Ρ
941 2764 946 2821 Ι
992 2763 1265 2821 ἀπεχώρουν
1303 2790 1361 2796 —-
1397 2768 1423 2807 8
1456 2763 1672 2821 ἁμαρτών
1712 2763 1828 2807 citat

146 2820 263 2864 Plan
279 2820 348 2864 fol
372 2820 778 2867 218ἐλπίδων
801 2822 919 2865 Plan
1012 2827 1067 2864 14
1090 2822 1259 2878 Σύρων
1285 2822 1462 2866 Sievers
1486 2823 1570 2866 1.1.
1606 2827 1659 2866 51
1689 2823 1695 2880 Ι
1721 2822 1827 2866 τού-

147 2896 240 2925 των
272 2880 375 2923 coni
405 2881 473 2924 Re
576 2885 631 2924 18
662 2880 750 2938 γὰρ
783 2895 858 2924 om
884 2881 923 2925 C
1019 2886 1074 2924 22
1108 2881 1202 2925 ἔδει
1232 2908 1290 2914 —
1323 2887 1379 2925 24
1411 2881 1533 2940 διῄει
1564 2882 1680 2925 citat
1710 2881 1826 2924 Plan

147 2938 213 2982 fol
242 2943 294 2982 21
332 2941 338 2995 Ι
376 2939 458 2996 μὲν
489 2953 564 2983 om
594 2939 711 2983 Plan
831 2945 887 2984 23
921 2938 980 2984 ἂν
1011 2954 1085 2984 om
1117 2939 1235 2983 Plan
1356 2945 1412 2984 24
1443 2900 1558 2984 Sciet
1591 2942 1635 2985 V
1658 2939 1776 2983 Plan
