2026 3168
1011 739 1079 794 ΙΙ.

315 881 473 929 oratio
523 878 646 944 πρὸς
692 877 806 936 τοὺς
852 877 1012 944 βαρὺν
1059 877 1209 928 αὐτὸν
1255 876 1549 937 καλέσαντας
1596 895 1625 927 3
1671 880 1880 928 Libanio

196 970 324 1003 anno
366 953 543 1001 aetatis
583 954 885 1016 sexagesimo
926 954 1135 1015 septimo
1176 946 1245 1020 (p.
1280 954 1402 1014 240,
1435 946 1491 1019 8)
1540 953 1592 1000 id
1638 955 1713 1001 est
1751 970 1878 1002 anno

198 1029 299 1076 381
343 1045 389 1090 p.
424 1026 533 1075 Chr.
575 1027 849 1074 Theodosio
869 1029 940 1093 ‘et
972 1026 1185 1075 Arcadio
1217 1026 1575 1089 imperantibus
1607 1028 1804 1090 scripta.

306 1101 441 1159 Quae
489 1102 581 1148 etsi
627 1117 726 1149 non
771 1115 870 1147 una
911 1117 934 1148 e
974 1101 1331 1164 vulgatissimis
1371 1103 1465 1162 est,
1512 1103 1680 1149 tamen
1726 1104 1783 1149 ut
1827 1103 1881 1149 in

195 1177 388 1239 eclogas
426 1176 624 1237 recepta
664 1174 880 1222 crebrius
914 1191 1066 1237 quam
1097 1174 1214 1233 Βίος
1244 1175 1516 1239 legebatur,
1555 1176 1684 1223 unde
1717 1177 1882 1224 evenit

193 1253 250 1298 ut
291 1250 443 1303 etiam
487 1263 718 1309 numerus
765 1247 987 1296 codicum
1035 1250 1359 1311 superstitum
1404 1249 1554 1311 duplo
1605 1250 1765 1297 maior
1813 1251 1881 1298 sit

194 1340 341 1386 quam
379 1324 432 1371 in
468 1324 571 1371 illo.
635 1322 762 1370 Sunt
800 1323 930 1370 enim
971 1324 1054 1371 29.
1124 1323 1164 1370 Ε
1206 1323 1382 1385 quibus
1420 1324 1636 1384 primum
1674 1323 1874 1371 nomino

193 1399 281 1460 qui
334 1413 509 1459 corpus
560 1398 840 1446 orationum
891 1397 1004 1459 plus
1050 1398 1274 1445 minusve
1327 1399 1576 1460 integrum
1626 1398 1880 1446 continent

194 1474 342 1534 atque
381 1471 482 1519 iam
519 1471 573 1518 in
610 1470 918 1533 praefatione
959 1470 1083 1518 Βίου
1123 1471 1357 1533 descripti
1395 1472 1523 1518 sunt.

307 1548 351 1593 1.
393 1544 709 1593 Chisianus
748 1545 793 1591 R
822 1544 895 1591 VI
926 1546 994 1592 43
1063 1566 1132 1582 =
1173 1538 1233 1611 C)
1274 1561 1395 1593 saec.
1435 1538 1633 1609 XIsXII
1671 1544 1754 1592 fol.
1794 1545 1877 1591 72.
1935 1604 1937 1606 ¹

190 1620 318 1667 Vide
358 1635 507 1681 supra
543 1636 591 1681 p.
628 1621 695 1667 10
720 1633 789 1680 sq.
868 1616 1079 1666 Contuli.

305 1695 350 1740 2.
390 1693 761 1741 Monacensis
800 1709 871 1755 gr.
905 1692 1009 1739 483
1053 1687 1146 1759 (=
1178 1686 1246 1758 A)
1288 1707 1412 1740 saec.
1444 1692 1490 1739 X
1530 1693 1613 1740 fol.
1651 1694 1695 1739 1.
1750 1691 1876 1739 Vide

194 1782 343 1829 supra
381 1784 428 1830 p.
465 1768 530 1814 15
566 1782 634 1828 sq.
713 1765 928 1813 Contuli.

304 1843 350 1889 3.
398 1841 720 1889 Vaticanus
760 1839 1077 1887 Palatinus
1116 1856 1186 1903 gr.
1222 1840 1326 1887 282
1369 1833 1463 1905 (=
1498 1833 1562 1905 P)
1603 1855 1726 1888 saec.
1759 1838 1878 1886 XIV

191 1915 275 1964 fol.
313 1917 455 1964 175V.
531 1914 657 1962 Vide
697 1929 847 1976 supra
884 1931 931 1976 p.
967 1915 1036 1962 20
1068 1929 1137 1975 sq.
1217 1913 1428 1961 Contuli.

304 1990 351 2036 4.
391 1988 754 2036 Barberinus
785 1987 837 2034 Π
870 1989 935 2035 41
972 1980 1066 2054 (=
1091 1981 1157 2054 B)
1192 2003 1314 2036 saec.
1346 1987 1438 2034 XV
1468 1988 1551 2036 fol.
1582 1988 1699 2035 165.
1749 1986 1876 2033 Vide

192 2078 340 2125 5111113
378 2079 425 2125 p.
461 2064 528 2110 24
562 2078 631 2124 sq.
710 2060 922 2109 Contuli.

305 2137 350 2184 5.
389 2135 875 2183 Vindobonensis
914 2135 1032 2198 phil.
1081 2152 1151 2198 gr.
1184 2134 1347 2183 XCIII
1388 2128 1481 2202 (=
1507 2128 1575 2201 V)
1617 2149 1745 2209 saeffi
1779 2133 1876 2181 XII

190 2210 275 2258 fol.
310 2211 417 2258 33¹&
495 2209 619 2257 Vide
660 2224 810 2271 supra
847 2227 893 2272 p.
929 2210 995 2257 35
1023 2225 1092 2271 sq.
1172 2208 1383 2257 Contuli.

304 2285 350 2331 6.
389 2283 830 2332 Laurentianus
870 2282 1010 2330 LVII
1054 2285 1123 2332 20
1163 2297 1286 2332 saec.
1318 2283 1410 2330 XV
1447 2283 1532 2331 fol.
1569 2282 1687 2330 145.
1746 2280 1871 2329 Vide

192 2373 340 2419 supra
378 2374 424 2419 p.
461 2358 526 2406 39
562 2372 631 2418 sq.
709 2357 749 2404 Ε
789 2359 931 2419 parte
971 2358 1173 2405 contuli.
1627 2407 1635 2416 ,

305 2433 349 2478 7.
396 2431 661 2479 Patmius
709 2433 812 2478 471
872 2446 994 2479 saec.
1041 2430 1159 2478 XIV
1204 2431 1286 2480 fol.
1330 2431 1473 2477 274V.
1549 2428 1675 2475 Vide
1723 2443 1872 2490 supra

190 2521 237 2566 p.
271 2506 337 2552 41
374 2519 443 2566 sq.

303 2578 349 2625 8.
381 2577 703 2626 Vaticanus
735 2595 805 2642 gr.
841 2579 945 2627 939
978 2592 1102 2626 saec.
1133 2577 1225 2625 XV
1256 2578 1339 2624 fol.
1369 2578 1510 2638 1447‘.
1565 2574 1691 2622 Vide
1723 2591 1871 2637 supra

191 2668 238 2713 p.
279 2653 349 2698 44
382 2666 452 2713 sq.
1490 2642 1552 2655 II

304 2726 349 2772 9.
389 2724 711 2772 Vaticanus
752 2742 820 2789 gr.
856 2726 922 2773 82
965 2740 1087 2773 saec.
1121 2723 1239 2771 XIV
1269 2724 1351 2771 fol.
1387 2724 1506 2771 326.
1561 2722 1687 2770 Vide
1721 2738 1869 2786 supra

189 2814 236 2860 p.
270 2799 338 2845 48
373 2813 443 2860 sq.
520 2798 559 2844 E
599 2801 740 2859 parte
780 2799 980 2846 contuli.

304 2872 385 2919 10.
431 2871 781 2919 Parisianus
822 2889 891 2936 gr.
934 2872 1074 2920 3016
1117 2886 1239 2919 saec.
1279 2870 1370 2918 XV
1402 2871 1485 2918 fol.
1523 2871 1664 2918 145v.
1741 2869 1868 2917 Vide

191 2960 340 3007 supra
377 2962 424 3007 p.
460 2946 526 2993 53
561 2961 630 3007 sq.
