2026 3168
713 159 942 203 LIBANII
973 158 1314 204 ORATIONES
1750 160 1859 213 319

177 294 347 367 εἰσῄει
369 294 461 350 καὶ
486 297 558 359 ὡς
581 297 725 349 πολὺ
749 295 968 364 βέλτιον
984 298 1302 365 καθήμενον
1318 294 1556 349 ἀκούειν.
1595 295 1682 348 48.
1701 295 1860 350 ἀπελ-

173 387 299 440 θὼν
349 382 452 439 οὗν
501 383 591 438 καὶ
641 386 1005 452 καθεζόμενος
1054 383 1142 437 ἐπὶ
1189 392 1289 438 τοῦ
1336 386 1552 454 θρόνου
1600 385 1861 448 κελεύσας

172 473 387 528 ἐκεῖνον
425 474 590 527 ταύτὸ
628 482 811 527 ποιεῖν
849 472 937 527 ἐπὶ
974 473 1236 543 θατέρου,
1273 473 1674 543 τετταράκοντα
1711 472 1860 528 ἐπῶν

173 564 325 616 οὔπω
358 562 791 631 ἀνεγνωσμένων
821 562 930 633 ὁρῶ
961 565 1120 616 κόνιν
1151 561 1211 616 ἐκ
1241 570 1340 616 τοῦ
1372 559 1511 631 ὑπὲρ
1542 570 1637 631 τῆς
1675 563 1857 631 θύρας
1903 586 1927 616 4

172 659 267 721 τῆς
296 654 553 720 μεγίστης
575 671 633 704 τε
657 650 748 704 καὶ
772 651 938 721 μέσης
961 650 1288 721 φερομένη-ν.
1343 653 1527 704 ἔπειτα
1562 649 1568 722 Ι
1604 651 1772 722 ἄπορ-
1800 665 1843 708 R
1861 669 1949 708 239

172 738 343 809 ραγὲν
379 748 525 808 κῦμα
575 742 755 800 λίθων
794 739 1016 810 ἐφέρετο
1069 740 1208 808 μέγα
1244 738 1336 793 καὶ
1373 736 1444 808 ἧν
1482 738 1571 793 ἐπὶ
1610 749 1710 809 γῆς
1746 749 1858 793 τῶν

170 834 392 883 πολλῶν
431 829 852 898 συντριβέντων.
921 829 1007 881 49.
1048 828 1155 897 ἐγὼ
1197 826 1258 882 δὲ
1296 822 1381 891 οἷς
1417 825 1518 898 μὲν
1558 825 1711 882 εἶδον
1749 828 1858 893 ἐξε-

170 921 510 987 πεπλήγμην,
565 917 896 971 ἐπεπόνθειν
946 916 995 970 δ’
1045 919 1115 970 ἄν
1167 938 1219 970 τι
1271 916 1362 970 καὶ
1415 916 1602 986 πλέον,
1657 919 1706 971 εἰ
1758 918 1858 971 τὸν

172 1008 383 1060 κτύπον
421 1009 634 1060 ἅπαντα
682 1015 799 1070 τοῖς
847 1006 986 1060 ὠσὶν
1026 1006 1339 1076 ἐδεδέγμην.
1416 1013 1524 1060 νῦν
1575 1007 1636 1060 δὲ
1683 1007 1856 1076 πρού-

169 1098 386 1165 νοήθην
423 1116 481 1149 τε
519 1095 611 1149 καὶ
648 1098 888 1166 ἤρκεσαν
919 1097 973 1149 αἱ
1014 1105 1203 1165 χεῖρες.
1265 1094 1350 1148 50.
1391 1095 1420 1148 ὁ
1461 1094 1509 1148 δ’
1541 1094 1855 1166 ἐπιτετραμ-
1880 1118 1927 1150 ιο

167 1184 332 1253 μένος
376 1187 472 1248 τὰς
517 1195 628 1238 τῶν
675 1195 953 1254 φοιτητῶν
999 1186 1253 1247 εἰσόδους
1298 1179 1462 1247 οὗτος
1508 1185 1696 1237 εἰσιών
1740 1202 1856 1246 πως

167 1275 287 1326 τότε
321 1282 384 1344 τῇ
420 1281 545 1344 σκιᾷ
576 1281 676 1327 τοῦ
710 1276 993 1336 κατιόντος
1025 1275 1248 1338 σώζεται
1287 1272 1491 1342 βλέψας
1528 1292 1586 1325 τε
1618 1273 1732 1325 ἄνω
1763 1274 1854 1326 καὶ

166 1361 254 1415 ἐπὶ
293 1364 436 1416 πόδα
476 1362 831 1432 ἀναχωρήσας
868 1363 974 1431 ἤδη
1007 1367 1136 1415 εἴσω
1167 1363 1265 1415 τὸν
1296 1361 1486 1431 ἕτερον
1518 1363 1677 1430 ἔχων,
1715 1363 1854 1415 ὥστε

167 1452 314 1523 αὐτῷ
347 1452 436 1504 καὶ
477 1450 779 1520 ἐπέπληκτο
818 1452 878 1504 τὸ
911 1459 1010 1504 τοῦ
1043 1451 1394 1519 ὑποδήματος
1424 1451 1612 1520 ἄκρον.
1672 1448 1759 1502 51.
1790 1451 1852 1503 τὸ

165 1536 227 1592 δὲ
274 1537 589 1610 ἀπορραγὲν
627 1548 790 1593 τοῦτο
837 1540 1017 1610 ὀφρὺς
1061 1536 1131 1608 ἧν
1170 1541 1315 1609 ὥρας
1362 1540 1542 1592 εἵνεκα
1580 1535 1719 1609 ὑπὲρ
1758 1546 1853 1607 τῆς
1877 1559 1922 1593 15

165 1628 348 1698 θύρας
392 1628 655 1698 τεταμένη
702 1630 872 1682 λίθου
919 1636 1019 1681 τοῦ
1069 1631 1388 1696 στίλβοντος
1427 1627 1744 1696 ἐγκειμένου
1783 1633 1858 1700 τῷ

164 1717 238 1784 μὴ
269 1718 524 1789 τοιούτω·
565 1717 631 1770 ὃν
670 1718 1024 1780 κοιλάναντες
1064 1719 1140 1780 εἰς
1170 1718 1453 1786 ὑποδοχὴν
1483 1724 1583 1769 τοῦ
1615 1717 1853 1785 κρείττο-

165 1825 261 1868 νος
311 1807 373 1858 τὸ
422 1802 525 1873 μὲν
574 1804 848 1874 ἐνέθηκαν
898 1806 1088 1873 αὐτοῦ,
1139 1812 1214 1879 τῷ
1249 1806 1310 1859 δὲ
1347 1806 1612 1876 προῦχειν
1650 1802 1852 1858 ἔδοσαν

164 1893 362 1964 τέρψιν
403 1891 546 1948 εἶναι
585 1894 770 1965 ὁρῶσι.
846 1894 979 1958 τέως
1017 1895 1118 1964 μὲν
1157 1890 1262 1948 οὖν
1299 1888 1342 1966 ᾧ
1374 1896 1658 1963 συνείχετο
1701 1893 1851 1963 ἰσχύ-

163 2003 346 2051 οντος,
393 1981 560 2046 ξύλον
599 2003 651 2035 τι
701 1985 1067 2053 σμικρότατον
1104 1990 1267 2036 τοῦτο
1307 1977 1393 2050 ἦν,
1438 1979 1621 2050 ἔμενε,
1668 1984 1849 2054 χρόνῳ
1874 2004 1919 2036 20

163 2069 224 2124 δὲ
256 2071 470 2126 ἐκείνου
503 2073 773 2140 καμόντος
805 2070 1048 2135 ε’ξίστατό
1080 2091 1138 2123 τε
1168 2072 1230 2123 τὸ
1262 2069 1690 2140 ἐνηρμοσμένον,
1721 2069 1812 2123 καὶ
1841 2069 1847 2140 Ι

161 2157 231 2228 ἦν
263 2159 427 2230 χαμαὶ
461 2161 636 2230 σωρὸς
668 2163 848 2213 λίθων
879 2160 1133 2229 μεγάλων
1158 2159 1259 2212 οὐκ
1291 2158 1359 2213 ἂν
1384 2158 1755 2212 εἰκασθέντων
1785 2171 1827 2214 R
1852 2176 1939 2216 240

270 2324 309 2363 ·4
339 2326 422 2363 τοῦ
462 2321 734 2377 ὑπερθύρου
773 2319 892 2378 λέγει
926 2319 1140 2364 C²A²P³
1207 2319 1310 2374 ἤτοι
1340 2326 1422 2364 τοῦ
1453 2320 1727 2375 ὑπερθύρου
1755 2321 1796 2364 V

163 2383 217 2422 10
249 2379 412 2452 χεῖρες]
446 2379 498 2423 τὸ
531 2380 810 2437 στρογγύλον
840 2385 922 2435 τῆς
954 2380 1151 2435 γλώττης
1182 2379 1432 2422 κάνταῦθα
1464 2378 1668 2436 διεφάνη
1693 2379 1772 2423 καὶ
1794 2379 1848 2423 τὸ

162 2435 226 2482 δι’
264 2436 428 2494 ὀλίγων
459 2440 577 2482 πολὺ
609 2440 806 2495 δηλῶσαι
845 2440 887 2482 V

279 2591 303 2628 2
338 2602 359 2630 ε
391 2586 519 2642 prius
551 2587 600 2629 in
631 2585 943 2642 καθεζόμενος
976 2600 1077 2629 corr
1107 2599 1162 2630 ex
1195 2603 1211 2629 ι
1236 2585 1309 2629 12²
1377 2583 1682 2642 καθιξόμενος
1707 2586 1787 2630 CA

161 2648 186 2686 3
221 2644 371 2689 ἐκεῖνο
395 2646 431 2688 Ι
522 2651 550 2688 4
581 2646 735 2700 θύρας
766 2646 814 2688 in
846 2658 980 2702 marg
1004 2646 1036 2688 I
1127 2650 1152 2688 5
1185 2661 1231 2689 τε
1265 2659 1339 2688 om
1363 2645 1398 2688 I
1484 2649 1537 2688 10
1568 2660 1616 2688 τε
1641 2658 1716 2688 om
1740 2645 1851 2688 ΒΜ

221 2707 274 2745 12
308 2701 517 2756 σωίζεται
551 2706 630 2749 CA
783 2709 836 2747 13
870 2703 947 2748 ἐπὶ
986 2702 1129 2777 πόδα]
1170 2702 1389 2749 ὑποπόδα
1425 2705 1467 2747 V
1612 2709 1665 2747 15
1699 2702 1847 2759 ὀφρῦς

163 2762 343 2807 GAPU
384 2765 390 2818 Ι
441 2779 574 2808 ενεκα
611 2765 721 2808 ΒΜ
883 2767 936 2806 16
976 2761 1114 2806 λίθού
1153 2779 1237 2807 του
1278 2764 1321 2806 V
1388 2778 1500 2806 num
1539 2759 1680 2806 λίθου
1717 2778 1800 2806 του
1826 2769 1846 2806 ἱ)

220 2825 273 2864 18
309 2821 381 2878 τὸ]
412 2822 493 2866 τὸν
536 2823 609 2867 UI
643 2826 648 2878 Ι
692 2829 745 2866 οῦ
778 2822 826 2864 in
859 2823 1002 2865 αὐτοῦ
1034 2822 1083 2864 in
1114 2836 1188 2866 ras
1212 2821 1285 2866 ΡΣ
1361 2822 1483 2866 αὐτῶ
1524 2822 1567 2865 U
1604 2825 1609 2878 Ι
1651 2821 1703 2865 τὸ
1730 2823 1790 2865 Μ

161 2912 214 2951 19
248 2896 480 2966 ἰσχύοντῗς
502 2911 536 2953 Ι
629 2914 684 2952 20
709 2910 845 2962 ξύλον
871 2909 923 2955 δέ
946 2927 989 2954 τι
1017 2911 1084 2967 V}
1113 2909 1391 2967 μικρότατον
1419 2911 1460 2954 V
1556 2915 1609 2953 21
1638 2907 1844 2963 ἐξίστατο

167 2968 261 3012 VU
285 2970 332 3011 etz
363 2982 419 3012 ex
451 2967 604 3013 ἵστατο
636 2984 695 3012 m.
730 2982 817 3012 rec.
852 2971 907 3026 (s)
942 2970 978 3013 C
1006 2972 1053 3013 et
1085 2971 1156 3013 ΡΞ·
1232 2969 1389 3013 ἵστατο
1414 2970 1601 3013 AIBM
