2026 3168
217 185 244 237 1
254 186 280 237 1
289 186 319 238 8
754 186 981 230 LIBANH
1013 185 1353 230 ORATIONES

212 328 408 391 ποθεν,
434 323 615 393 ὥσπερ
641 329 874 391 πνεῦμα,
901 322 929 375 6
963 323 1311 391 συκοφάντης
1343 323 1491 390 ἄγων
1518 323 1616 375 τὸν
1639 321 1892 392 ὑπόπτην

213 410 426 464 ἐκεῖνον
479 409 568 463 καὶ
619 408 822 479 ἔφασκε
870 411 988 464 δεῖν
1033 411 1132 463 τὸν
1179 410 1392 464 ἐκείνου
1441 410 1657 480 φθάσαι
1704 413 1890 479 λόγον,

211 499 344 569 πρὶν
381 500 489 552 ὑπὸ
529 501 733 567 κρότου
772 502 984 552 πολλοῦ
1022 503 1448 568 καταληφθῆναι
1481 502 1580 554 τὸν
1613 501 1890 569 δικαστήν.

211 589 240 642 6
280 585 380 657 μὲν
419 585 522 641 οὖν
560 590 846 657 ἤσχαλλεν,
879 587 984 656 ἐγὼ
1027 585 1088 640 δὲ
1120 590 1486 658 συνεχώρουν.
1549 589 1578 642 6
1620 587 1680 641 δὲ
1721 590 1891 641 εἰσελ-

167 698 185 730 5
209 678 333 730 θὼν
363 674 433 745 ἦν
458 677 621 739 αὐτὸς
653 679 829 730 καίτοι
863 697 923 745 γε
956 677 1133 745 λέγων
1164 676 1225 730 ἐν
1255 678 1641 730 πεντεκαίδεκα
1673 677 1890 746 ἀνθρώ-

120 778 235 822 R51
271 783 394 828 ποις
440 765 603 828 αὐτὸς
650 764 871 834 δεηθεὶς
917 766 1016 834 τὴν
1063 764 1199 835 ἐμὴν
1238 766 1456 819 ἀπεῖναι
1491 764 1497 837 Ι
1532 767 1740 836 μερίδα.
1818 766 1890 828 ὡς

208 856 312 922 γὰρ
346 851 457 907 εἶδε
488 855 549 906 τὸ
583 855 829 923 στάδιον,
865 855 1172 923 ἰλιγγιάσας
1208 853 1521 923 ἐξενήνεκτο
1553 863 1646 923 τῆς
1677 857 1890 924 μνήμης

207 942 297 995 καὶ
337 942 470 1010 ε’βόα
507 943 644 1011 μηδὲ
681 945 804 996 τότε
843 949 1163 996 πεπαῦσθαι
1201 945 1300 996 τὸν
1335 947 1506 1012 γόητα
1545 943 1655 1010 ε’μέ·
1696 951 1795 996 τοῦ
1829 941 1889 996 δὲ

209 1030 523 1100 ἀναγνῶναι
561 1033 938 1099 κελεύσαντος,
980 1034 1255 1085 εἰσελθεῖν
1286 1034 1391 1102 γὰρ
1425 1035 1610 1100 λόγον,
1651 1032 1717 1085 οὐ
1756 1034 1889 1100 μνή-

142 1142 184 1173 10
207 1140 316 1189 μην
361 1129 584 1190 κρινῶν,
633 1118 764 1173 οὐδὲ
809 1123 939 1184 τοὺς
992 1121 1321 1190 ὀφθαλμοὺς
1363 1119 1467 1190 ἔφη
1509 1122 1787 1174 δύνασθαι
1826 1122 1887 1173 τὸ

207 1209 390 1262 αὑτῶν
428 1209 536 1263 ὑπὸ
577 1217 676 1262 τοῦ
719 1210 890 1263 αὐτοῦ
931 1220 1125 1264 ποιεῖν.
1201 1208 1335 1262 ἀλλ’
1381 1209 1408 1263 ὁ
1451 1211 1636 1263 δεῖνα
1675 1210 1890 1277 λαβὼν

208 1297 679 1366 ἀναγνώσεται,
712 1298 891 1362 δείξας
922 1309 1033 1352 τῶν
1065 1299 1315 1369 ῥητόρων
1345 1300 1444 1352 τὸν
1475 1299 1714 1368 ἄριστον.
1765 1299 1793 1352 6
1828 1299 1889 1352 δὲ

206 1387 278 1448 ὡς
315 1395 478 1440 τοῦτο
519 1389 736 1455 ἤκουσε,
778 1388 940 1457 ῥίψας
978 1390 1040 1441 τὸ
1072 1390 1294 1456 βιβλίον
1326 1385 1487 1456 ἀπῄει
1517 1388 1758 1456 πιμπλὰς
1788 1388 1888 1455 τὴν

208 1475 418 1544 ἀγορὰν
449 1475 698 1544 ἀνοήτων
729 1476 998 1545 ῥημάτων.
1066 1477 1147 1528 72.
1186 1485 1281 1545 τῆς
1313 1474 1373 1529 δὲ
1403 1477 1693 1545 ὑστεραιάς
1725 1477 1754 1530 6
1786 1473 1887 1542 μὲν

139 1584 180 1617 15
206 1565 366 1633 ὄχλος
409 1563 470 1617 ἐν
516 1571 590 1636 τῷ
626 1567 1021 1637 βουλευτηρίῳ,
1054 1573 1152 1618 τοῦ
1194 1565 1255 1618 δὲ
1294 1564 1456 1633 ἐγγὺς
1489 1563 1593 1633 ἐγὼ
1633 1566 1734 1633 τὴν
1774 1585 1886 1634 φω-

203 1654 309 1721 νὴν
370 1652 647 1705 ἀνακινῶν
705 1673 762 1705 τε
824 1652 914 1706 καὶ
974 1653 1444 1723 ἀποπειρώμενος,
1499 1652 1526 1706 ὁ
1584 1654 1644 1706 δὲ
1706 1655 1887 1723 ἄρχων

203 1740 329 1811 περὶ
387 1739 602 1810 ἔξοδον,
659 1741 687 1794 ὁ
749 1742 810 1794 δὲ
868 1748 1118 1810 αἴσχιστα
1176 1741 1498 1811 ἀπηλλαχὼς
1561 1741 1768 1804 ἐκεῖνος
1830 1741 1884 1805 ἐξ

204 1830 549 1899 ἀκροπόλεως
595 1829 682 1883 ἐπὶ
729 1831 789 1883 τὸ
838 1840 992 1898 σῶμα
1038 1831 1244 1899 τούμὸν
1300 1830 1641 1899 ὡπλισμένος
1687 1840 1884 1900 παρῆν,

202 1917 293 1970 καὶ
340 1917 433 1987 ἐμὲ
478 1916 578 1985 μὲν
625 1921 678 1972 αἱ
726 1920 900 1989 θύραι
948 1919 1177 1989 ῥύονται
1222 1927 1322 1972 τοῦ
1380 1921 1485 1972 νεὼ
1541 1927 1635 1988 τῆς
1694 1921 1884 1988 Τύχης,

138 2028 181 2059 20
205 2002 376 2076 οὗπερ
423 2006 513 2060 καὶ
561 2006 858 2077 ἐκαθήμην.
940 2010 1041 2061 τὸν
1091 2009 1330 2078 ἄρχοντα
1377 2009 1438 2060 δὲ
1483 2007 1572 2061 καὶ
1618 2009 1724 2078 πρὸ
1774 2017 1885 2061 τῶν

115 2107 157 2150 R
178 2112 232 2151 52
258 2097 439 2163 λόγων
469 2104 533 2165 τῇ
560 2094 768 2149 ’κείνου
800 2098 970 2167 τόλμῃ
1003 2106 1228 2165 κτῶμαι,
1259 2095 1348 2149 καὶ
1382 2098 1487 2149 σὺν
1522 2097 1527 2165 Ι
1564 2096 1753 2166 εὐνοίᾳ
1783 2093 1885 2165 μὲν

205 2183 519 2252 εἰσέρχεται,
559 2187 854 2253 γενόμενος
893 2186 954 2238 δὲ
994 2185 1217 2254 ἐραστὴς
1262 2184 1544 2237 ἀνίσταται
1582 2183 1672 2237 καὶ
1712 2202 1882 2255 παρα-

321 2348 343 2386 1
376 2346 484 2399 post
516 2344 640 2402 ἄγων
671 2358 833 2388 rasura
865 2344 1061 2387 duarum
1093 2344 1165 2388 vel
1203 2344 1344 2387 trium
1375 2345 1637 2387 litterarum
1669 2344 1718 2387 in
1749 2344 1794 2387 A

203 2407 227 2445 3
260 2402 621 2459 καταληφθέντα
654 2405 697 2447 L
818 2409 843 2447 5
877 2403 901 2447 6
934 2403 1102 2453 αὐτὸςῗ
1131 2404 1136 2462 Ι
1165 2419 1214 2460 γε
1247 2417 1321 2446 om
1354 2404 1491 2447 BVL
1553 2416 1662 2446 voce
1693 2403 1880 2457 ἀνθρώ-

202 2476 308 2511 ποις
346 2461 395 2504 in
426 2463 470 2506 A
500 2462 568 2505 fol
593 2466 648 2504 20
680 2462 849 2519 incipit
885 2475 1050 2505 manus
1084 2462 1258 2506 saeculi
1289 2462 1488 2520 XIHJXI
1665 2465 1688 2503 9
1729 2462 1881 2505 κελεύ-

202 2534 368 2569 σαντος
400 2521 563 2577 scripsi
596 2534 620 2565 e
639 2522 720 2565 VL
782 2522 1047 2571 κελεύοντος
1069 2522 1243 2566 ΑΟΡΒ
1269 2521 1360 2564 edd
1453 2525 1507 2563 10
1532 2527 1700 2575 κρινῶν
1726 2520 1881 2564 Gasda

202 2580 249 2622 et
272 2578 416 2622 Cobet
439 2579 606 2623 Mnem.
632 2579 695 2622 ΠΙ
720 2584 804 2623 248
878 2577 1049 2633 κρίνων
1073 2579 1182 2623 libri
1207 2580 1297 2622 edd
1325 2580 1330 2637 Ι
1367 2578 1390 2623 ὁ
1417 2578 1536 2624 ὃὲκΒ
1648 2584 1699 2621 11
1727 2579 1880 2623 αὐτῶν

202 2639 245 2681 L
349 2642 402 2680 12
434 2645 524 2681 τῶν
557 2652 581 2681 e
611 2638 692 2682 τὸν
726 2653 827 2682 corr
850 2639 915 2683 L2
1020 2643 1073 2682 16
1106 2639 1343 2682 ἀνακινῶν
1377 2635 1565 2681 defenffl
1596 2639 1752 2694 potest
1776 2638 1878 2681 coll.

201 2695 319 2739 Plat.
345 2696 434 2752 leg.
456 2696 520 2739 IV
538 2702 620 2740 722
646 2697 684 2739 D
712 2695 812 2741 οἶόν
836 2715 958 2747 τινες
981 2697 1276 2752 ἀνακινήσεις
1303 2699 1350 2739 et
1373 2696 1571 2739 Aristox.
1597 2696 1651 2739 fr.
1678 2696 1877 2752 rhythm.

202 2754 333 2799 elem.
366 2771 409 2811 p.
438 2759 520 2798 282
555 2756 625 2799 ed.
659 2756 760 2798 Mor
797 2756 825 2812 ἡ
859 2756 992 2812 φωνὴ
1025 2763 1218 2800 κινεῖται
1257 2756 1413 2798 Harm.
1447 2756 1467 2798 I
1500 2760 1524 2808 ξ
1558 2760 1613 2798 26
1644 2771 1689 2811 p.
1716 2760 1741 2799 8
1775 2757 1821 2799 eb
1853 2760 1877 2798 9

200 2813 434 2870 (Johnson,
461 2814 787 2858 Transactions
813 2815 864 2858 of
882 2816 962 2858 ‘che
986 2814 1231 2858 American
1255 2814 1563 2870 Philological
1587 2815 1879 2858 Association

201 2872 326 2915 XXX
357 2887 401 2928 p.
428 2877 482 2915 42
502 2888 567 2929 sq.
602 2875 649 2916 eb
681 2873 864 2917 Studies
897 2874 945 2916 in
976 2874 1123 2917 honor
1154 2873 1206 2916 of
1232 2874 1280 2916 B.
1301 2873 1349 2916 L.
1369 2872 1699 2927 Gssdersleeve,
1733 2873 1878 2917 Basti-

201 2945 327 2975 more
361 2934 506 2989 1902),
540 2933 620 2975 sed
652 2931 848 2976 fortasse
879 2932 1235 2988 praeferendum
1267 2933 1422 2976 ἀσκῶν
1574 2937 1626 2974 19
1666 2933 1772 2990 νεὼ]
1807 2950 1875 2990 γρ.

202 2993 356 3049 βωμοῦ
388 2991 489 3033 Mor
520 2991 569 3034 in
599 3004 732 3048 marg
852 2995 907 3034 20
939 2991 1019 3035 καὶ
1051 3005 1124 3034 om
1157 2992 1202 3034 B
1323 2995 1375 3034 21
1409 2988 1622 3047 vfp'oet'vov
1655 2993 1700 3035 Β
