2026 3168
678 132 908 178 LIBANII
940 131 1281 177 ORATIONES
1718 131 1826 185 253

146 264 331 324 εἷλκον
377 270 478 338 τὴν
523 271 876 337 πανταχόθεν
921 260 1171 336 νεότητα,
1225 275 1333 321 νῦν
1378 267 1427 320 δ’
1473 264 1639 320 οὐδὲν
1686 264 1827 320 εἶναι

145 358 434 429 κέκρινται.
511 358 596 410 44.
654 356 767 410 ἀλλ’
815 358 868 410 οἱ
908 358 1010 426 μὲν
1048 356 1283 410 ἐοικέναι
1323 358 1551 410 δοκοῦσι
1589 356 1827 426 πέτραις,

146 450 223 510 εἰς
262 447 325 510 ἃς
370 446 399 499 ὁ
439 448 681 515 σπείρων
725 448 973 513 μαίνεται
1018 448 1404 516 προσαπολλὺς
1453 447 1555 514 τὴν
1601 446 1826 516 σποράν.

145 536 343 606 καρποὶ
377 534 425 587 δ’
458 533 729 605 ἑτέρωθεν
761 535 864 587 ἀπὸ
896 542 991 602 τῆς
1008 533 1232 587 Ἰταλῶν
1260 542 1466 602 φωνῆς,
1498 530 1540 587 ὦ
1566 533 1829 587 δέσποινα
1852 556 1874 586 4

138 623 363 693 Ἀθηνᾶ,
403 625 491 676 καὶ
530 633 642 676 τῶν
678 626 880 692 νόμων.
915 621 922 694 Ι
958 622 1055 685 οὓς
1094 623 1205 675 ἔδει
1240 624 1509 692 πρότερον
1540 622 1739 692 φέρον-
1771 635 1812 678 R
1835 639 1916 678 186

145 733 241 775 τας
278 715 407 775 τοὺς
446 711 840 781 ἐπισταμένους
880 710 1101 764 ἑστάναι
1139 712 1276 781 πρὸς
1313 712 1412 764 τὸν
1459 711 1663 781 ῥήτορα
1708 710 1830 778 βλέ-

146 820 368 869 ποντας,
407 800 779 870 ἀναμένοντας
809 803 892 853 τό·
934 797 975 853 ὦ
1015 795 1206 863 οὗτος
1245 800 1663 869 ἀναγίνωσκε.
1725 801 1830 868 ἤδη

149 887 208 943 δὲ
248 889 338 942 καὶ
377 890 720 959 ὑπογραφεῖς
758 888 819 942 ἐν
856 898 975 951 ταῖς
1013 892 1292 958 μεγίσταις
1332 889 1544 959 ἀρχαῖς,
1595 888 1624 942 ὁ
1665 889 1726 941 δὲ
1771 889 1831 941 τὸ

151 978 331 1046 λέγειν
370 977 484 1031 ἀντ’
524 977 740 1032 ἐκείνου
770 979 970 1045 μαθὼν
1001 976 1091 1031 ὑπ’
1132 978 1357 1031 ἐκείνων
1387 997 1445 1031 τε
1475 982 1832 1045 καταγελᾶται

151 1066 243 1120 καὶ
282 1067 446 1130 αὐτὸς
483 1067 754 1136 ὀδύρεται.
829 1066 916 1119 45.
956 1067 1151 1120 πολλοὶ
1190 1067 1252 1120 δὲ
1289 1070 1514 1129 πολλοῖς
1552 1067 1744 1129 οὐσίας
1775 1065 1834 1118 ἐκ
1859 1087 1901 1119 1ο

152 1165 503 1225 συνηγοριῶν
542 1158 837 1218 σεσωκότες
875 1155 1276 1225 ἐκπηδήσαντες
1321 1154 1382 1208 ἐκ
1427 1165 1538 1208 τῶν
1584 1156 1836 1224 δικαστη-

153 1248 290 1314 ρίων
329 1244 547 1298 ὁπλῖται
587 1244 923 1313 γεγένηνται,
963 1245 1029 1297 οὐ
1069 1253 1164 1313 τῆς
1203 1243 1263 1297 ἐκ
1300 1253 1411 1297 τῶν
1449 1253 1646 1314 χειρῶν
1678 1242 1837 1312 δόξης

153 1333 580 1401 ἐπιθυμοῦντες,
632 1332 749 1385 ἀλλ’
797 1335 1023 1402 εἰδότες,
1079 1333 1163 1386 ὅτι
1210 1335 1348 1402 δόρυ
1395 1332 1618 1386 ἑλοῦσιν
1664 1332 1838 1395 εὐθὺς

154 1421 383 1491 ὑπάρξει
422 1431 617 1490 γαμεῖν
655 1420 746 1475 καὶ
783 1423 850 1475 τά
886 1430 982 1490 τῆς
1013 1423 1274 1490 γυναικὸς
1306 1421 1535 1489 ἐσθίειν,
1574 1424 1837 1490 πολεμίου

155 1508 214 1564 δὲ
256 1510 587 1573 ἐπελθόντος
625 1509 687 1562 ἐν
725 1510 863 1581 ἀκμῇ
904 1511 1076 1580 μάχης
1111 1511 1316 1581 ῥᾷστον
1347 1510 1468 1563 ἀντὶ
1499 1520 1611 1563 τῶν
1642 1519 1841 1579 χειρῶν
1865 1530 1906 1563 15

156 1600 468 1669 χρήσασθαι
521 1609 636 1661 τοῖς
689 1601 870 1667 ποσίν,
931 1599 1004 1662 ὡς
1065 1600 1167 1652 οὐκ
1229 1598 1505 1666 ἐσομένων
1565 1599 1839 1652 εὐθυνῶν.

155 1688 242 1740 46.
267 1697 378 1740 τῶν
401 1689 596 1740 τοίνυν
620 1687 977 1755 καλουμένων
1000 1691 1239 1757 σημείων
1258 1687 1613 1757 τρεψαμένων
1628 1688 1730 1757 μὲν
1744 1688 1841 1740 τὸν

149 1775 367 1846 Ἑρμῆν,
402 1774 408 1846 1
443 1776 799 1846 τρεψαμένων
837 1773 898 1830 δὲ
935 1778 1031 1839 τὰς
1065 1778 1315 1844 Μούσας,
1357 1778 1458 1845 τὴν
1497 1775 1543 1829 δ’
1577 1771 1753 1829 οὖσαν
1782 1789 1824 1831 R
1845 1793 1927 1831 187

158 1874 273 1928 τοῖς
318 1866 444 1933 περὶ
490 1863 700 1927 ἐκείνας
749 1866 1109 1933 εὐδαιμονίαν
1158 1867 1235 1928 εἰς
1286 1865 1422 1919 αὑτὰ
1474 1864 1840 1934 μεταθέντων,

160 1954 248 2006 καὶ
288 1963 399 2006 τῶν
429 1950 531 2022 μὲν
560 1953 1057 2023 τεταπεινωμένων,
1096 1964 1208 2007 τῶν
1240 1951 1301 2007 δὲ
1332 1956 1426 2017 τὰς
1457 1954 1706 2022 γνάθους
1736 1974 1842 2022 φυ-
1866 1975 1909 2006 20

161 2043 387 2095 σώντων
441 2041 734 2110 ἀγανακτεῖ
786 2062 890 2110 τις,
946 2044 994 2096 εἰ
1039 2051 1134 2111 τῆς
1182 2042 1374 2112 τέχνης
1424 2042 1698 2112 ἀχρήστου
1748 2062 1840 2109 μοι

160 2130 522 2199 γεγενημένης
561 2130 731 2199 ἀλγῶ;

279 2282 306 2319 4
338 2291 381 2332 p.
412 2281 509 2329 178,
528 2280 634 2332 6sq.
668 2279 715 2320 et
743 2281 838 2330 193,
857 2281 883 2319 6
1005 2281 1060 2320 20
1092 2276 1220 2320 Dem.
1248 2290 1310 2320 or.
1340 2281 1393 2319 19
1420 2281 1445 2329 ς
1472 2281 1557 2320 314
1581 2292 1625 2332 p.
1653 2281 1752 2332 442,
1773 2281 1840 2321 16.

163 2335 229 2379 Cf.
263 2336 325 2378 IV
358 2339 457 2390 634,
483 2341 539 2379 24
564 2336 604 2378 R

286 2475 306 2512 1
341 2471 394 2511 λκ
425 2469 474 2512 in
506 2465 656 2512 εἷλκον
696 2468 744 2511 in
774 2482 850 2511 ras
879 2468 948 2522 1²,
989 2465 1030 2511 εἶ
1069 2482 1173 2511 cum
1211 2481 1373 2511 rasura
1411 2469 1553 2512 trium
1583 2464 1853 2512 litterarum*

175 2529 216 2573 U
250 2528 451 2584 (videtur
482 2527 626 2571 fnisse
657 2524 792 2580 εἷλον,
830 2529 885 2570 ut
915 2527 963 2570 in
995 2526 1100 2570 Vat.
1134 2529 1207 2584 82)
1250 2530 1256 2583 Ι
1306 2526 1641 2585 ἁπανταχόθεν
1667 2528 1712 2571 V
1745 2530 1751 2584 Ι
1794 2526 1845 2572 δὲ

166 2587 234 2630 Re
354 2591 379 2630 5
413 2585 642 2642 φέροντας
672 2601 746 2630 om
781 2589 864 2631 Mo
1000 2590 1027 2628 8
1058 2587 1338 2643 ’ὑπογραφὴν
1372 2589 1456 2632 Mo
1599 2590 1624 2629 9
1665 2585 1846 2631 ἐκείνου

169 2647 252 2690 Mo
279 2647 286 2701 Ι
313 2662 360 2690 τε
393 2659 467 2689 om
495 2647 567 2691 UI
681 2650 735 2689 10
767 2645 935 2695 πολλὰς
968 2647 1012 2690 Β
1136 2650 1188 2689 13
1222 2644 1395 2696 εἰδότες
1427 2643 1496 2689 ὅτι
1526 2644 1642 2701 δόρυ
1674 2647 1708 2689 I
1711 2681 1721 2700 ,
1766 2645 1847 2688 sed

169 2719 215 2754 ες
247 2701 314 2747 ’ὅτι
345 2706 401 2748 δο
434 2705 482 2748 in
543 2718 704 2748 rasura.
736 2710 761 2748 5
794 2704 1057 2748 litterarum
1089 2703 1158 2747 m²
1279 2709 1333 2748 13
1368 2703 1436 2749 ὅτι
1468 2718 1543 2748 om
1568 2705 1640 2762 Ul
1667 2704 1846 2749 ἑλοῦσιν

169 2763 334 2818 scripsi
394 2762 603 2820 λέγουσιν
646 2763 756 2807 libri
787 2763 855 2807 Re
931 2763 1256 2820 δορυλέγουσιν
1295 2764 1418 2808 Fabr
1486 2765 1623 2818 δεῦρο
1655 2761 1847 2819 ἥκουσιν

170 2820 327 2864 Gasda
448 2827 501 2865 15
535 2819 582 2867 δ’
618 2823 685 2866 Re
793 2827 846 2865 16
879 2823 963 2866 οὐκ
996 2837 1070 2866 om
1103 2823 1148 2865 Β
1264 2827 1316 2866 18
1349 2822 1401 2867 δὲ
1434 2824 1536 2867 ΒΜ
1648 2826 1700 2865 19
1732 2822 1845 2879 τοῖς]

170 2896 194 2922 τ
218 2894 322 2923 cum
346 2894 506 2924 rasura
531 2882 667 2924 unius
692 2883 739 2925 et
761 2881 931 2925 lacuna
953 2882 1095 2925 trium
1122 2881 1384 2925 litterarum
1409 2884 1454 2926 B
1475 2882 1478 2933 l
1508 2881 1628 2925 αὐτὰ
1655 2882 1849 2926 ΒΜΜο

230 2938 349 2983 avt&
388 2939 431 2984 U
529 2945 584 2983 20
617 2941 899 2996 φυσσώντων
927 2941 1054 2985 UMo
1157 2945 1209 2984 21
1244 2946 1324 2996 τῆς
1354 2955 1427 2985 om
1463 2942 1535 2986 UI
1555 2940 1560 2998 Ι
1588 2956 1666 2996 μοι
1697 2954 1772 2984 om
1804 2941 1848 2983 B
