2026 3168
169 143 199 195 7
204 143 235 195 8
707 143 935 187 LIBANII
966 143 1306 188 ORATIONES

275 283 448 345 Neque
487 283 795 332 infructuosa
830 283 926 330 fuit
954 283 1138 331 militia
1168 283 1367 332 Ioannis
1399 283 1646 332 Francisci
1678 284 1845 332 Bois-

165 357 401 407 sonadii
446 359 553 404 tum
598 357 651 404 in
681 356 945 405 'codicibus
990 357 1295 405 conferendis
1333 360 1442 405 tum
1485 359 1538 406 in
1577 357 1712 405 vitiis
1751 358 1846 406 tol-

162 430 343 492 lendis,
398 446 698 492 quamquam
751 431 864 478 illos
916 431 1120 479 minoris
1169 431 1340 492 pretii,
1393 431 1512 480 haec
1561 432 1664 479 fere
1716 431 1849 479 levia

163 505 313 553 fuisse
347 504 604 552 dicendum
636 506 722 552 est.
736 497 776 571 1)
833 505 1099 566 Exemplar
1130 505 1358 552 editionis
1382 505 1676 553 Reiskianae
1709 506 1847 554 cuius

161 578 214 625 in
259 579 564 642 marginibus
616 580 664 626 et
713 578 947 626 lectiones
999 578 1222 626 codicum
1276 578 1337 626 ab
1390 578 1498 640 ipso
1553 580 1846 627 collatorum

161 652 328 713 posuit
375 654 424 699 et
469 652 533 699 ad
579 655 722 700 notas
770 667 882 701 suas
931 652 1235 714 aliorumque
1283 652 1549 716 delegavit,
1601 653 1746 700 hodie
1792 654 1845 700 in

159 726 457 774 bibliotheca
494 725 845 774 Universitatis
884 725 1139 774 Parisinae
1181 719 1257 792 (L.
1300 725 1355 773 G.
1396 742 1437 774 o.
1482 727 1598 774 185.
1642 719 1720 793 8⁰)
1770 741 1858 774 as-·

160 801 410 847 servatum
456 815 585 847 anno
637 800 776 848 1880
827 800 1020 862 inspexi
1066 802 1115 848 et
1162 799 1324 861 quoad
1372 816 1396 847 e
1443 816 1496 847 re
1543 800 1704 848 visum
1755 803 1844 863 est,

159 873 388 935 excerpsi.
465 873 544 920 Ad
581 873 703 922 Βίον
743 873 1100 921 emendandum
1139 874 1263 921 nihil
1303 874 1524 921 contulit.

269 946 390 995 Post
426 947 540 995 illos
583 963 783 1009 operam
821 947 1029 996 Libanio
1075 947 1421 1010 impenderunt
1467 947 1612 995 laude
1659 947 1841 1012 dignis-

158 1022 334 1068 simam
386 1022 506 1069 locis
562 1021 805 1083 corruptis
859 1021 1101 1069 medelam
1156 1021 1399 1069 afferendo
1457 1020 1505 1069 O.
1555 1021 1609 1069 G.
1658 1019 1841 1069 Cobe-

158 1087 325 1161 tus2),
374 1096 465 1143 etsi
503 1096 546 1143 is
586 1095 876 1143 elocutionis
915 1094 1220 1142 Libanianae
1258 1111 1434 1157 parum
1473 1097 1718 1144 rationem
1754 1095 1842 1142 ha-

157 1167 280 1230 buit,
314 1167 556 1217 Carolus
591 1168 881 1231 Sintenis,
915 1169 1003 1231 qui
1033 1184 1216 1231 paucas
1249 1169 1446 1231 quidem
1479 1168 1840 1218 emendationes

155 1242 344 1304 publici
385 1243 508 1291 iuris
546 1243 665 1291 fecit
712 1236 901 1310 (Herm.
941 1243 967 1290 I
1006 1244 1111 1291 468
1146 1235 1265 1309 sq.),
1310 1243 1475 1305 plures
1520 1243 1573 1291 in
1618 1245 1841 1306 margine

155 1316 326 1378 posuit
386 1318 677 1379 exemplaris
747 1317 976 1365 editionis
1037 1316 1330 1364 Reiskianae
1393 1317 1523 1378 quod
1583 1317 1726 1365 hodie
1787 1318 1840 1364 in
1904 1346 1908 1350 -

156 1389 454 1438 bibliotheca
524 1391 769 1454 gymnasii
835 1390 1113 1438 Franciscei
1175 1389 1457 1438 Servestani
1525 1394 1840 1440 conservatur

157 1464 376 1526 mihique
416 1465 532 1512 dum
570 1466 622 1512 in
662 1481 718 1513 eo
759 1466 833 1513 est
870 1467 927 1512 ut
964 1466 1127 1512 textus
1165 1465 1303 1527 prelo
1341 1465 1622 1527 mandetur,
1660 1464 1838 1512 libera-

157 1537 343 1585 lissime
372 1539 716 1586 transmissum
748 1541 836 1600 est,
867 1538 1124 1603 Augustus
1157 1537 1371 1599 Gasda,
1411 1539 1495 1600 qui
1527 1539 1678 1586 etiam
1711 1554 1838 1586 com—

154 1612 321 1673 plures
379 1613 568 1660 codices
631 1606 1023 1679 (Augustanum,
1077 1612 1527 1673 Vindobonensem,
1587 1612 1836 1660 Parisinos

157 1686 297 1733 3016
352 1688 402 1733 et
454 1679 621 1752 3017)
672 1686 731 1733 ab
781 1687 890 1748 ipso
942 1687 1148 1734 collatos
1199 1686 1262 1733 ad
1312 1685 1704 1734 emendationem
1753 1685 1836 1733 ad-

153 1758 315 1807 hibuit
325 1752 381 1826 3).
458 1760 622 1807 Minus
661 1761 855 1808 felicem
892 1777 1093 1807 manum
1123 1759 1272 1807 Vitae
1318 1760 1418 1808 fere
1466 1760 1638 1807 attulit
1675 1760 1835 1807 Mau-

151 1833 337 1880 ricius
382 1832 648 1881 Schmidt
695 1827 897 1900 (Philol.
937 1834 981 1880 X
1023 1834 1126 1882 608
1160 1826 1279 1899 sq),
1334 1833 1418 1896 qui
1465 1848 1687 1881 severum
1734 1834 1837 1896 egit

155 1922 403 1954 censorem
434 1907 663 1955 editionis
694 1908 1002 1956 Reiskianae.
1059 1906 1155 1964 Qui
1185 1924 1337 1954 unum
1359 1907 1642 1979 ¹alterumve
1675 1908 1836 1955 locum

152 1980 444 2045 tetigerunt,
491 1981 571 2029 hic
611 1997 894 2030 enumerare
932 1981 1112 2029 inutile
1152 1980 1295 2042 duco3
1340 1996 1426 2030 suo
1468 1982 1675 2043 quisque
1713 1982 1835 2042 loco,

154 2057 395 2115 quatenus
435 2055 763 2104 necessarium
800 2056 962 2104 visum
1001 2055 1109 2115 erit,
1147 2055 1544 2103 nominabuntur.

272 2212 313 2266 1)
347 2208 537 2253 Codices
578 2223 692 2265 quos
731 2209 936 2266 inspexit
975 2209 1046 2254 vel
1087 2209 1306 2264 contulit,
1346 2211 1454 2253 sunt
1490 2209 1692 2252 Parisini
1733 2213 1832 2265 963,

155 2272 282 2322 1000,
317 2272 445 2322 2918,
480 2273 607 2322 3017,
643 2273 771 2321 3025,
806 2274 933 2312 3035.
999 2268 1145 2322 Quem
1178 2269 1238 2312 ad
1266 2267 1546 2325 Σωκράτους
1576 2266 1832 2324 ἀπολογίαν

150 2328 182 2372 t.
200 2327 263 2370 ΙΠ
286 2342 331 2383 p.
352 2333 464 2370 1—3
482 2328 524 2371 R
548 2330 612 2384 (et
628 2327 736 2371 hinc
751 2328 1082 2385 Anecd.V372)
1107 2328 1395 2384 nuncupavit
1414 2327 1557 2371 codex
1577 2331 1690 2370 1310
1714 2326 1830 2369 nihil

151 2385 337 2429 Libanii
370 2387 589 2440 continet,
625 2387 706 2430 sed
737 2387 920 2431 videtur
952 2387 1158 2430 calamus
1191 2386 1414 2430 fefellisse
1446 2385 1646 2430 scribere
1676 2385 1831 2429 volen-

150 2446 246 2488 tem
271 2449 399 2489 3017.
455 2445 576 2489 Nam
607 2445 831 2490 lectiones
863 2459 979 2502 quas
1013 2459 1069 2490 ex
1099 2445 1181 2489 illo
1213 2446 1407 2499 notavit,
1439 2443 1489 2487 in
1519 2444 1608 2488 hoc
1632 2445 1828 2488 exstant.

152 2501 467 2547 Correctiones
506 2504 554 2548 in
594 2505 716 2548 notis
757 2505 818 2548 ad
857 2518 1014 2548 omnes
1047 2504 1143 2549 fere
1175 2504 1233 2547 ab
1266 2505 1368 2560 ipso
1400 2503 1549 2547 editos
1584 2503 1830 2559 scriptores

150 2562 359 2618 protulit.
424 2563 640 2621 Singulos
671 2564 759 2607 hoc
790 2563 891 2608 loco
925 2576 1194 2607 enumerare
1225 2563 1415 2619 longum
1447 2563 1529 2620 est.

269 2623 312 2677 2)
337 2621 504 2665 Mnem.
529 2622 570 2664 X
590 2626 843 2676 193—1983
867 2622 979 2666 Nov.
1001 2622 1093 2666 Ser.
1112 2622 1154 2665 Π
1172 2626 1278 2676 3783
1303 2624 1557 2675 402-410;
1581 2620 1645 2664 ΠΙ
1664 2625 1828 2675 1-17;

152 2683 405 2733 141—1563
440 2685 522 2723 249
541 2695 632 2735 sq.;
663 2680 705 2724 V
731 2685 984 2736 103—1123
1019 2684 1264 2733 129—158‚
1299 2693 1418 2735 quae
1448 2678 1671 2735 pleraque
1698 2693 1829 2736 repe-

150 2738 257 2781 tivit
280 2738 591 2782 Miscellaneis
618 2739 800 2783 Criticis
832 2739 994 2796 (Lugd.
1019 2739 1121 2783 Bat.
1150 2742 1281 2796 1876)
1311 2753 1355 2794 p.
1385 2742 1615 2782 138—168
1648 2740 1695 2782 et
1726 2738 1828 2783 Col-

150 2796 374 2841 lectaneis
408 2796 590 2841 Criticis
623 2797 751 2854 (ibid.
789 2801 917 2854 1878)
950 2813 993 2854 p.
1022 2802 1223 2841 99—138
1256 2799 1302 2841 et
1332 2812 1363 2852 p
1404 2801 1648 2840 254—304.

270 2859 314 2913 3)
346 2855 410 2899 Zu
435 2856 655 2899 Libanios
679 2856 835 2910 I—IV,
860 2856 1144 2912 Hirschberg
1167 2860 1292 2900 1868.
1326 2856 1518 2898 Lauban
1545 2860 1670 2899 1870.
1700 2861 1825 2900 1871,

153 2919 279 2958 1874.
