2026 3168
694 93 922 138 LLBANH
952 92 1293 138 ORATIONES
1731 93 1832 146 151

155 235 379 284 σεῖσθαι
416 230 715 300 παρούσης,
755 230 891 283 ὥστε
932 227 1160 299 ἑσπέρας
1197 228 1406 298 ᾔδομεν
1445 227 1525 281 ἐπ’
1564 227 1710 300 αὐτῷ
1735 230 1836 297 τὴν

166 320 348 389 Τύχην
372 318 431 372 ἐν
453 319 635 388 κέρδει
667 319 726 371 τὸ
758 319 829 387 μὴ
859 317 1198 371 πεπτωκέναι
1228 318 1565 385 ποιούμενοι.
1624 317 1743 369 142.
1776 317 1838 369 ἓν

160 406 294 476 ἐνῆν
331 406 562 470 ἐκείνοις
599 406 839 478 μέτριον,
874 408 958 460 ὅτι
989 409 1122 476 μήτε
1152 409 1283 469 τοὺς
1315 399 1514 474 λόγους
1545 407 1676 475 μήτε
1707 408 1837 468 τοὺς

159 495 319 559 νέους
357 494 685 565 ἐφεύγομεν·
727 496 859 549 αὐτὸ
899 496 1004 565 γὰρ
1046 496 1113 563 δὴ
1153 502 1316 548 τοῦτο
1349 491 1419 563 ἧν
1450 495 1483 563 ἡ
1514 494 1832 564 παραψυχὴΙ
1883 517 1904 547 4

157 586 217 637 τὸ
256 584 329 647 ὡς
374 585 571 652 ἥδιστα
616 583 741 654 περὶ
787 591 957 637 ταῦτα
1001 592 1195 637 πονεῖν
1242 589 1385 636 οἴκοι
1435 603 1493 636 τε
1542 582 1629 636 ἐπὶ
1675 591 1770 652 τῆς
1809 596 1925 639 R96

155 675 345 742 κλίνης
395 672 487 726 ἐπί
528 693 585 726 τε
631 681 731 726 τοῦ
780 673 1081 742 σκίμποδος
1127 671 1188 726 ἐν
1238 679 1312 745 τῷ
1355 673 1737 744 διδασκαλείῳ·
1776 673 1850 731 τὸ,

160 759 221 815 δὲ
268 761 353 831 ἐφ’
408 761 665 832 ἑκάτερον
710 767 1046 831 κομισθῆναι
1085 761 1609 830 παρακινδύνευσις,
1665 762 1726 814 αἱ
1777 758 1837 813 δὲ

155 849 441 914 ἐπιδείξεις
480 849 746 919 ἐκποδών,
787 850 954 919 ἀηδὴς
1001 847 1062 903 δὲ
1108 852 1271 919 φίλος
1317 851 1578 920 προσιών.
1656 850 1837 920 ὥσπερ

157 936 218 992 δὲ
258 941 316 992 οί
350 941 556 1008 πελάγη
599 940 918 1007 διαβάλλειν
956 939 1247 1008 μέλλοντες
1284 942 1515 991 καλοῦσι
1562 939 1838 992 Διοσκού-

156 1048 308 1096 ρους,
363 1028 538 1091 οὕτως
590 1029 720 1096 ἡμῖν
776 1033 1004 1081 οἴκοθεν
1059 1026 1301 1090 ἐξιοῦσιν
1355 1027 1651 1080 ἐκαλοῦντο
1712 1025 1837 1080 θεοὶ
1863 1049 1904 1081 10

156 1115 395 1169 κωλυταὶ
426 1116 688 1185 γενέσθαι
719 1126 832 1170 τῶν
862 1115 924 1170 ἐν
955 1115 1172 1170 ἐλπίσιν
1204 1116 1542 1186 ἀσχημόνων.
1597 1116 1717 1168 143.
1747 1114 1838 1168 καὶ

157 1205 186 1258 ὁ
218 1206 439 1258 κλύδων
471 1201 632 1268 οὗτος
663 1207 754 1273 ἔτη
787 1204 1016 1275 τέτταρα
1047 1204 1343 1275 ἐπεκράτει,
1383 1203 1474 1258 καὶ
1512 1205 1836 1273 καταφεύγω

156 1292 228 1347 δι’
298 1293 513 1347 οἰκέτου
574 1295 712 1363 πρὸς
773 1295 871 1347 τὸν
933 1293 1152 1363 ἕτοιμον
1206 1293 1463 1363 ἀμύνειν,
1516 1295 1614 1347 τὸν
1667 1293 1838 1361 μέγαν

150 1381 501 1451 Ἀσκληπιόν,
556 1381 646 1435 καὶ
701 1383 1017 1453 φράσαντος
1070 1383 1137 1436 οὐ
1184 1386 1361 1445 καλῶς
1415 1382 1719 1451 ἀφεστάναι
1772 1401 1838 1450 με

154 1479 266 1523 τῶν
313 1473 596 1525 εἰωθότων
640 1473 782 1524 πίνω
829 1491 887 1524 τε
935 1466 1002 1524 οὗ
1049 1472 1216 1524 πάλαι
1263 1471 1580 1541 φαρμάκου,
1625 1471 1715 1523 καὶ
1767 1466 1838 1539 ἧν
1864 1494 1905 1526 15

155 1559 257 1628 μέν
301 1579 354 1612 τι
393 1559 608 1630 κέρδος,
650 1561 718 1613 οὐ
758 1562 867 1630 μὴν
904 1565 1183 1623 παντελῶς
1221 1580 1283 1628 γε
1323 1558 1605 1629 ἐξελήλατο
1645 1561 1706 1613 τὸ
1745 1579 1839 1612 κα-

155 1650 270 1701 κόν.
347 1646 452 1718 ἔφη
502 1645 562 1702 δὲ
609 1648 637 1702 ὁ
688 1650 819 1712 θεὸς
870 1650 959 1702 καὶ
1013 1657 1176 1702 τοῦτο
1232 1654 1561 1719 χαριεῖσθαι.
1615 1647 1721 1717 ἐγὼ
1778 1645 1837 1701 δὲ

154 1735 312 1806 ᾔδειν
350 1737 467 1808 μέν,
512 1738 584 1800 ὡς
623 1738 725 1791 οὐκ
765 1735 984 1806 εὐσεβὲς
1023 1738 1273 1791 ἀπιστεῖν
1312 1737 1548 1808 ἐγγυητῇ
1585 1738 1837 1809 τοιούτῳ,

155 1827 462 1895 θαυμάζειν
509 1823 569 1879 δὲ
617 1826 760 1896 ὅμως
804 1835 1011 1896 παρῆν,
1062 1828 1110 1879 εἰ
1155 1827 1244 1879 καὶ
1290 1827 1489 1895 ταύτης
1528 1822 1672 1879 εἷναί
1706 1844 1838 1880 ποτε

158 1914 378 1984 δόξαιμι
415 1923 510 1984 τῆς
547 1915 767 1985 χάριτος
805 1913 967 1978 ἄξιος.
1044 1915 1135 1968 καὶ
1179 1912 1252 1983 ἦν
1296 1912 1398 1982 μὲν
1436 1913 1555 1977 ἔτος
1597 1914 1838 1984 ἕβδομον
1860 1938 1905 1970 20

156 2002 246 2057 ἐπὶ
284 2012 400 2066 τοῖς
437 2006 775 2073 πεντήκοντα
813 2007 984 2072 λῆγον
1023 2005 1152 2073 ἤδη,
1204 2004 1349 2072 τρισὶ
1389 2002 1438 2056 δ’
1487 2003 1768 2066 ἐνυπνίοις
1807 2003 1836 2056 ὁ

274 2171 300 2209 8
331 2164 411 2208 Ion
443 2166 562 2221 trag.
587 2164 641 2207 fr.
669 2169 723 2207 56
748 2163 791 2206 N
816 2141 942 2220 apud.
965 2164 1085 2208 Plut.
1112 2164 1169 2207 de
1193 2166 1375 2220 tranqu.
1402 2163 1540 2207 anim.
1568 2168 1593 2207 3
1625 2179 1668 2220 p.
1694 2168 1779 2207 466
1797 2163 1837 2207 D

274 2317 299 2355 2
331 2312 602 2368 ποιούμενοι
633 2314 687 2366 Ρ,
722 2312 803 2355 sed
835 2328 852 2355 ι
884 2312 1082 2356 alterum
1113 2311 1162 2354 in
1192 2325 1267 2355 ras
1299 2312 1368 2355 m⁴
1447 2311 1724 2368 ποιούμενος
1753 2312 1842 2356 AC

155 2371 265 2414 Fen·
288 2371 389 2415 Mor
472 2376 496 2414 3
531 2372 638 2428 ἐνῆν
671 2371 835 2445 scripsi
866 2385 970 2414 cum
1002 2372 1070 2415 Re
1093 2370 1231 2414 Anim
1291 2366 1351 2427 ἦν
1382 2370 1491 2414 libri
1515 2371 1605 2414 edd
1697 2375 1724 2413 4
1748 2370 1835 2428 γὰρ

155 2443 231 2474 om
253 2432 334 2475 VL
369 2431 374 2489 Ι
417 2430 475 2486 δὴ
507 2444 582 2474 om
606 2431 651 2473 B
687 2431 692 2489 Ι
734 2426 810 2487 ἦν]
847 2427 931 2474 οὖν
963 2431 1030 2474 Re
1150 2434 1176 2473 6
1209 2428 1286 2475 ἐπί
1316 2447 1364 2474 τε
1395 2430 1558 2486 scripsi
1589 2443 1614 2473 e
1642 2430 1684 2474 V
1761 2429 1840 2475 ἐπὶ

155 2488 207 2534 δε
236 2490 406 2545 reliqui
436 2490 546 2533 libri
578 2490 669 2533 edd
707 2492 712 2546 Ι
734 2448 824 2547 ηέν]
865 2507 919 2546 γρ
961 2489 1037 2533 ἐπὶ
1074 2489 1176 2532 Mor
1213 2490 1263 2533 in
1293 2503 1427 2545 marg
1550 2494 1574 2532 7
1609 2487 1763 2556 ἕτερον
1795 2489 1840 2533 Ρ

157 2549 238 2591 sed
263 2547 290 2592 ἕ
305 2549 411 2592 m³
398 2564 447 2592 1n
469 2563 631 2592 rasura
654 2549 795 2592 trium
819 2548 1082 2592 litterarum
1106 2549 1153 2591 et
1177 2550 1222 2592 B
1325 2553 1350 2592 9
1384 2547 1647 2607 διαβάλλειν
1672 2547 1837 2604 scripsi

156 2619 182 2650 e
208 2609 289 2652 VL
321 2607 424 2652 coll.
456 2608 519 2651 III
551 2612 650 2662 387,
683 2613 737 2651 21
778 2615 875 2658 τοῖς
903 2607 961 2651 τὰ
991 2606 1164 2665 πελάγη
1198 2607 1525 2681 διαβάλλουσιν
1557 2609 1605 2650 et
1634 2607 1833 2650 Demetr.

157 2679 270 2709 com.
288 2665 342 2711 fr.
359 2667 401 2709 ΙΙ
418 2671 518 2721 876,
533 2673 558 2711 2
576 2667 624 2710 M
649 2668 775 2724 apud
792 2667 1047 2710 Athen.111
1072 2671 1154 2710 109
1171 2667 1212 2708 A
1266 2664 1529 2725 διαβαίνειν
1546 2666 1721 2711 ACPB
1745 2666 1836 2709 edd

225 2729 277 2768 13
302 2725 384 2770 τὸν
416 2726 577 2783 (prius)
606 2683 708 2771 VLp
709 2727 820 2769 Ferr
850 2726 898 2768 in
929 2740 1062 2781 marg
1084 2726 1186 2770 Mor
1254 2740 1329 2769 om
1360 2726 1541 2771 ACPB
1603 2725 1679 2768 del
1709 2725 1778 2768 Re

159 2786 213 2826 15
246 2783 300 2827 οὐ
325 2786 367 2828 L
402 2785 407 2843 Ι
441 2787 643 2829 παλαιοῦ
669 2787 712 2830 L
748 2787 795 2829 et
824 2785 873 2828 in
903 2783 1049 2828 πάλαι
1080 2798 1181 2828 corr
1207 2785 1245 2829 C
1332 2789 1386 2828 18
1418 2784 1620 2843 τοσούτῳ
1638 2784 1682 2827 V
1707 2786 1754 2826 et
1781 2801 1835 2839 γρ

157 2840 258 2885 Mor
287 2842 336 2885 in
365 2857 499 2901 marg
614 2848 665 2887 19
701 2843 824 2896 ὅπως
846 2845 890 2888 L
921 2845 968 2887 et
999 2844 1046 2887 in
1081 2841 1200 2900 ὅμως
1230 2857 1331 2887 corr
1364 2843 1426 2889 C²
1454 2844 1460 2901 1
1488 2830 1610 2887 εἷναῖ
1640 2858 1694 2899 με
1724 2858 1835 2886 ποτε

158 2901 202 2944 L
323 2906 375 2944 21
410 2901 461 2947 δὲ
488 2903 568 2947 VL
