2026 3168
162 129 266 181 108
700 128 931 173 LIBAMI
958 127 1299 174 ORATIONES

161 263 250 317 ἀπ’
298 264 434 334 ἐμοῦ
472 273 589 327 τοῖς
627 263 961 334 ἀντιτέχνοις
998 267 1261 333 μόχθους.
1337 264 1426 319 50.
1464 265 1700 319 ἐδεδίειν
1736 262 1839 334 μὲν

161 349 280 422 οὖν,
319 355 394 422 μή
430 373 496 422 με
536 352 779 423 ἐντυχὼν
819 354 973 423 δάκῃ,
1017 351 1398 422 φυλαξάμενος
1443 355 1505 408 δὲ
1543 353 1720 422 λέγων
1758 369 1839 408 σι-

160 451 343 509 γῶντα
404 441 712 512 ἐτρεψάμην
773 444 906 496 ὄντα
961 442 1064 511 μὲν
1125 442 1258 495 οὐδὲ
1317 445 1591 514 πρότερον
1650 444 1839 512 ταχύν,

160 531 297 601 ὀργῇ
338 531 399 583 δὲ
436 531 775 601 βραδύτερος
812 529 1072 599 ἐγεγόνει.
1133 537 1208 602 τῷ
1241 527 1302 583 δὲ
1333 531 1439 600 ἄρα
1467 540 1721 601 κρεῖττον
1750 526 1838 599 ἦν,

116 641 135 674 5
161 618 347 687 ἐπειδὴ
404 619 705 688 ἀφικόμην,
756 627 920 687 σιγᾶν
973 618 1006 687 ἢ
1061 617 1243 687 λέγειν
1297 619 1398 688 οὐχ
1452 620 1526 682 ὡς
1579 620 1646 673 οὐ
1699 621 1840 672 καλὰ

158 707 474 776 ὑφαίνοντι,
526 709 611 760 δεῖ
659 709 762 775 γὰρ
812 709 875 761 τό
926 727 989 776 γε
1038 707 1242 776 ἀληθὲς
1291 716 1470 777 τιμᾶν,
1522 707 1636 762 ἀλλ’
1697 708 1844 781 αὐτῷ

159 798 372 865 φόβους
409 798 561 859 τινὰς
597 795 849 865 ἐντεκών,
881 796 954 859 ὡς
986 797 1053 865 δὴ
1086 797 1425 865 γοητεύοιτο,
1446 805 1572 866 ,τοῖς
1603 798 1839 866 δόγμασι

158 885 259 952 τὴν
304 886 524 953 μνήμην
571 883 852 954 ἐξέπληττε
896 883 987 938 καὶ
1028 883 1189 957 ἀπῄει
1234 893 1345 938 πᾶν
1383 882 1503 954 μὲν,
1523 886 1690 955 δρῶν,
1728 896 1841 939 πᾶν

161 970 221 1025 δὲ
269 976 672 1043 φθεγγόμενος,
719 975 858 1027 ὥστε
904 972 996 1027 ὑπ’
1051 974 1309 1043 ἀλλήλοις
1347 975 1691 1044 κρύπτεσθαι
1727 982 1842 1027 τῶν

92 1083 135 1115 1ο
161 1061 544 1115 διαλυθέντων
600 1063 866 1131 πολλούς,
927 1063 999 1132 μὴ
1057 1062 1190 1127 ζέων
1249 1061 1331 1116 ἔτι
1383 1063 1714 1133 προσπεσών
1748 1082 1840 1136 τῳ

159 1151 469 1204 διασπάσαι.

68 1252 188 1295 R38
271 1238 357 1293 51.
387 1238 392 1309 Ι
420 1243 632 1293 Τοῦτον
681 1239 786 1308 ἐγὼ
839 1241 939 1293 τὸν
988 1243 1212 1310 χρόνον,
1259 1243 1373 1294 ἔστι
1419 1237 1480 1293 δὲ
1527 1242 1618 1309 ἔτη
1663 1239 1842 1309 πέντε,

158 1336 257 1381 τοῦ
296 1331 503 1391 παντὸς
540 1328 607 1382 ὃν
637 1331 892 1398 βεβίωκα,
923 1328 1080 1382 ταυτὶ
1113 1326 1175 1382 δὲ
1206 1330 1404 1399 σχεδὸν
1434 1327 1712 1398 ἑξήκοντα,
1745 1331 1840 1399 ἔαρ

159 1416 191 1484 ἢ
240 1418 417 1480 ἄνθος
463 1418 781 1487 προσειπὼν
827 1416 947 1470 οὐδ’
1001 1417 1071 1471 ἂν
1126 1418 1301 1481 οὕτως
1354 1422 1475 1486 εἰην
1525 1417 1842 1487 συμμέτρως

91 1527 136 1561 15
158 1507 552 1576 προσειρηκώς·
594 1508 697 1576 ε”χω
737 1506 839 1575 μὲν
877 1507 981 1577 γὰρ
1021 1507 1111 1559 καὶ
1152 1505 1308 1576 ἕτερα
1344 1505 1507 1559 πέντε
1543 1505 1636 1558 καὶ
1674 1506 1842 1559 πάλιν

159 1594 316 1664 ἕτερα
369 1602 610 1648 τοσαῦτα
664 1594 965 1664 ἐπαινέσαι,
1019 1595 1080 1648 τὸ
1136 1603 1300 1648 νικᾶν
1354 1591 1415 1648 δὲ
1467 1595 1681 1648 τούτων
1728 1594 1841 1648 ἐστὶ

158 1693 269 1737 τῶν
313 1683 423 1737 ὑπὸ
470 1692 535 1754 τῇ
573 1685 845 1753 Δήμητρι,
890 1685 1176 1738 νικώντων
1220 1692 1337 1746 τοῖς
1381 1683 1604 1752 ἅπασιν,
1659 1683 1843 1754 ὑγιείᾳ

159 1773 424 1841 σώματος,
475 1772 716 1844 εὐθυμία
761 1780 956 1843 ψυχῆς,
1002 1771 1319 1837 ἐπιδείξεων
1362 1774 1681 1841 πυκνότητι,
1725 1781 1842 1836 τοῖς

278 1936 304 1975 8
336 1932 479 1976 Thuo.
511 1933 554 1976 ΙΙ
585 1937 654 1986 87,
690 1937 715 1975 3

279 2085 304 2123 2
328 2078 463 2124 ”Ητοι
494 2080 613 2124 κατὰ
644 2078 932 2136 προσδοκίαν
965 2080 1076 2153 ἐμὴν
1109 2079 1346 2137 ὁμιλήσας·
1381 2079 1757 2137 συντυγχάνει
1788 2078 1839 2124 δὲ

158 2141 221 2198 τῷ
246 2141 366 2183 δεῖνι
398 2139 475 2183 ἐπὶ
504 2146 586 2183 τοῦ
617 2139 746 2196 παρὰ
777 2137 1066 2196 προσδοκίαν
1098 2139 1234 2195 ἐρεῖς·
1267 2138 1369 2194 ἤτοι
1393 2139 1453 2196 μὴ
1477 2139 1710 2195 προγνοὺς
1732 2152 1839 2193 συν-

159 2185 325 2254 ήντησέ
354 2215 415 2258 τῳ
437 2199 481 2242 V
584 2203 637 2241 10
668 2207 760 2243 τῶν
793 2197 1023 2256 συλλόγων
1054 2207 1146 2244 τῶν
1177 2197 1485 2255 ἀκροωμένων
1510 2198 1579 2242 Vg

279 2350 302 2388 1
336 2353 418 2389 τοῦ
450 2344 718 2404 ἀντιτέχνου
749 2345 976 2402 Wyttenb
1062 2352 1086 2390 6
1117 2353 1256 2403 τιμᾶν
1286 2344 1339 2390 τό
1371 2361 1420 2403 γε
1453 2343 1627 2416 ἀληθὲς
1652 2345 1695 2388 V
1761 2331 1839 2387 τά-

159 2403 300 2460 ληθὲς
330 2403 478 2462 λέγειν
509 2406 555 2448 Β
605 2364 791 2464 χτιμᾶν]
826 2405 972 2450 εἰπεῖν
1003 2405 1114 2449 Ferr
1143 2406 1193 2448 in
1223 2419 1357 2462 marg
1387 2404 1488 2447 Mor
1528 2404 1534 2462 Ι
1585 2400 1708 2447 α’ὑτῶ
1735 2403 1780 2446 V

161 2464 283 2507 αὐτῶ
316 2464 407 2507 BL
529 2468 552 2506 7
585 2463 755 2507 litteris
788 2465 838 2509 ἐν
869 2465 994 2507 vocis
1027 2465 1221 2509 ἐντεκὼν
1254 2465 1346 2508 dee.
1380 2465 1425 2508 A
1456 2461 1522 2506 fol
1555 2466 1645 2505 18'.
1716 2474 1836 2517 quae

160 2524 415 2577 sequuntur
452 2537 598 2579 usque
631 2524 691 2566 ad.
725 2529 822 2576 113,
849 2527 874 2565 9
907 2529 987 2579 τῆς
1016 2524 1236 2580 γυναικὸς
1266 2537 1358 2566 uno
1390 2521 1502 2565 folio
1536 2521 1703 2563 amisso
1735 2534 1840 2576 per-

159 2582 313 2625 ierunt
373 2582 566 2626 ἐκτεκὼν
599 2583 709 2626 Fen·
739 2582 840 2626 Mor
867 2583 872 2640 Ι
911 2583 1177 2649 γοητεύοντι
1209 2584 1254 2626 Β
1357 2585 1382 2624 8
1417 2578 1652 2635 ἐξέπληττέ
1681 2595 1729 2623 τε
1760 2580 1840 2623 καὶ

159 2641 204 2683 Β
327 2644 380 2683 10
411 2642 684 2695 προσπεσών
715 2658 777 2699 τῳ
810 2641 974 2697 scripsi
1007 2654 1031 2684 e
1063 2642 1169 2694 BV,
1201 2642 1254 2683 ut
1285 2628 1579 2683 conieceraff
1608 2639 1676 2682 Re
1704 2638 1839 2694 Wyt-

159 2698 269 2742 tenb
303 2698 447 2742 Cobet
478 2699 644 2743 Mnem.
672 2699 727 2743 N.
756 2700 797 2742 S.
823 2700 886 2742 111
911 2704 995 2743 248
1055 2699 1328 2754 προσπεσὼν
1358 2702 1422 2758 τῷ
1457 2699 1495 2742 Ο
1521 2700 1568 2754 (p
1571 2697 1666 2740 rius
1698 2711 1724 2740 σ
1756 2697 1839 2741 ab-

158 2759 357 2813 reptum)
391 2758 478 2801 PL
601 2763 650 2801 11
686 2758 942 2802 διασπάσαι
974 2758 1137 2814 scripsi
1167 2744 1420 2813 praeeunt'e
1453 2755 1677 2800 Cobetol.
1702 2756 1732 2800 l.
1758 2756 1839 2812 qui

160 2815 470 2861 διασπάσαιτο
496 2817 696 2860 coniecit
756 2816 1014 2872 διαρπάσαι
1043 2817 1153 2859 libri
1218 2815 1527 2872 διαρπάσαιμι
1549 2815 1618 2858 Re
1642 2815 1780 2858 Anim

162 2880 215 2919 13
246 2875 388 2931 ταύτη
420 2877 462 2920 L
615 2881 670 2919 14
701 2877 937 2931 προειπὼν
967 2877 1012 2920 L
1046 2876 1052 2927 Ι
1095 2892 1240 2924 ουτως
1271 2893 1330 2920 αν
1353 2876 1434 2919 VL
1585 2879 1637 2917 17
1673 2874 1836 2918 απασι·

159 2936 204 2978 Β
233 2935 238 2992 Ι
276 2931 429 2990 ὑγίεια
458 2935 499 2978 V
