2026 3168
699 131 927 177 LIBANII
958 129 1299 176 ORATIONES
1736 129 1840 182 109

164 268 226 323 ἐν
264 268 458 339 ἑκάστῃ
503 268 837 337 πηδήμασιν,
883 267 1155 337 ὁρμαθοῖς
1193 265 1353 335 νέων,
1400 266 1645 320 ἐπιδόσει
1682 265 1843 334 νέων,

148 365 507 427 ’νυκτερινοῖς
529 359 742 424 πόνοις,
766 361 1158 426 μεθημερινοῖς
1183 355 1395 424 ἱδρῶσι,
1415 364 1612 424 τιμαῖς,
1638 355 1844 425 εὐνοίᾳ,

165 449 389 518 φίλτρῳ.
435 445 522 498 52.
554 455 666 498 τῶν
690 444 737 498 δ’
771 451 826 498 εἴ
850 465 933 508 τις
962 446 1123 514 ἤρετο
1158 444 1437 512 ὁντινοῦν,
1469 444 1576 516 ὅτῳ
1608 445 1852 515 μεγίστῳ.

165 536 558 599 καλλωπίζοιτο
597 534 630 603 ἡ
671 536 850 603 πόλις,
887 534 984 596 τὰς
1022 532 1152 602 ἐμὰς
1188 527 1259 601 ἦν
1298 532 1359 586 ἐν
1394 533 1529 603 αὐτῇ
1562 533 1847 602 διατριβὰς

165 623 412 677 ἀκοῦσαι.
475 622 653 692 ἐκείνη
696 624 800 692 γὰρ
841 617 910 675 αὖ
950 622 984 690 ἡ
1023 622 1160 692 πρὸς
1197 629 1470 675 τοσοῦτον
1507 622 1719 690 ἥκουσα
1756 639 1846 690 με-
1893 641 1912 674 5

164 711 372 781 γε’θους
417 731 475 764 τε
521 710 613 764 καὶ
659 713 899 774 κάλλους
943 720 1055 764 τῶν
1107 730 1165 763 τε
1215 712 1398 763 ἄλλων
1443 709 1691 778 ἀγαθῶν,
1745 709 1847 762 ὅσα

165 809 235 870 γῆ
287 821 345 854 τε
397 801 489 854 καὶ
539 801 798 854 θάλασσα
852 800 1102 868 δίδωσιν,
1158 799 1391 862 οὐδενὸς
1436 798 1507 852 ἂν
1557 798 1618 852 ἐν
1666 801 1846 869 μνήμῃ

165 892 534 959 μεγαλαυχίας
585 890 693 958 πρὸ
751 898 863 941 τῶν
915 887 1062 957 ἐμῶν
1115 887 1540 957 ἐμνημόνευσεν,
1591 887 1707 942 ἐπεὶ
1756 886 1847 941 καὶ

163 979 300 1048 πρὸς
352 979 454 1047 τὴν
504 977 864 1047 εὐδαιμονίαν
898 974 904 1047 Ι
937 979 1033 1046 τῆς
1082 979 1319 1045 πλησίον
1366 979 1577 1040 πόλεως
1620 985 1786 1030 τοῦτο
1817 989 1859 1032 R
1880 993 1934 1032 39

166 1065 474 1136 ἀντεξῆγεν,
537 1066 611 1130 ὡς
671 1066 703 1135 ἡ
767 1066 869 1134 μὲν
929 1065 1228 1134 εὐθηνοῖτο
1289 1066 1544 1136 θεάτρων
1602 1067 1847 1135 ἡδοναῖς,
1872 1087 1915 1119 10

166 1156 301 1225 αὐτὴ
351 1156 412 1209 δὲ
462 1161 611 1226 φορᾷ
657 1155 910 1218 παιδείας
954 1153 1047 1207 καὶ
1093 1155 1166 1217 ὡς
1203 1155 1237 1223 ἡ
1283 1152 1386 1224 μὲν
1431 1155 1565 1208 οὐδὲ
1610 1154 1849 1224 φυλάξαι

166 1246 345 1315 παρὸν
400 1245 570 1313 εἰδείη
624 1246 822 1312 καλόν,
876 1243 1012 1312 αὐτὴ
1069 1244 1131 1297 δὲ
1183 1242 1274 1296 καὶ
1331 1243 1474 1297 ἀπὸν
1525 1246 1849 1313 κτήσασθαι.

168 1334 254 1387 53.
301 1333 406 1402 ἐγὼ
455 1330 516 1386 δὲ
562 1330 756 1404 ἐῴκειν
802 1331 965 1402 ἀνδρὶ
1003 1331 1437 1405 κατακεκλιμένῳ
1475 1334 1614 1403 πρὸς
1651 1341 1850 1401 πηγαῖς

167 1442 225 1476 τε
265 1423 557 1491 διαφανῶν
593 1422 817 1475 ὑδάτων
845 1420 937 1474 καὶ
969 1421 1079 1475 ὑπὸ
1112 1420 1362 1490 δένδρων
1392 1424 1656 1484 παντοίας
1685 1421 1851 1492 ὑπερ-

168 1512 525 1581 αιωρούντων
578 1511 802 1580 χάριτας
857 1508 1285 1582 ἐστεφανωμένῳ
1346 1529 1404 1563 τε
1462 1510 1552 1563 καὶ
1609 1520 1851 1580 συνεχῶς
1875 1529 1917 1563 15

169 1599 528 1672 εὐωχουμένῳ
556 1600 693 1652 κατὰ
722 1599 822 1652 τὸν
852 1600 1165 1667 Αἰγύπτιον
1196 1598 1427 1668 ἐκεῖνον,
1460 1598 1521 1662 ὃς
1552 1598 1849 1669 ἐσοφίσατο

167 1690 379 1758 μακρὸν
417 1688 563 1761 αὑτῷ
597 1689 698 1741 τὸν
737 1690 951 1758 βραχὺν
988 1687 1254 1756 γενέσθαι
1291 1690 1510 1757 χρόνον.
1579 1687 1752 1742 ἐποίει
1790 1689 1855 1742 δέ

167 1797 262 1847 μοι
309 1778 406 1840 τὰς
452 1778 657 1845 ἡδονὰς
706 1777 774 1830 οὐ
812 1778 873 1830 τὸ
920 1775 1134 1830 ἐσθίειν
1178 1775 1270 1829 καὶ
1314 1778 1523 1844 πίνειν,
1570 1778 1630 1830 τὸ
1678 1774 1741 1830 δὲ
1784 1779 1852 1830 τὰ

169 1875 282 1919 τῶν
327 1867 506 1934 λόγων
554 1861 616 1918 εὗ
662 1866 752 1918 καὶ
797 1869 976 1928 καλῶς
1016 1873 1217 1935 χωρεῖν
1254 1863 1345 1918 καὶ
1383 1865 1444 1918 τὸ
1484 1866 1580 1927 τὰς
1611 1863 1852 1935 Ἀθήνας

168 1963 263 2023 τῆς
286 1956 562 2016 Βιθυνίας
587 1955 881 2022 καταβοᾶν,
899 1954 1079 2023 ὥσπερ
1103 1952 1336 2022 γεωργοὶ
1361 1962 1623 2022 γεωργῶν
1647 1954 1851 2024 ρ”ύακος
1875 1975 1918 2008 20

170 2042 399 2113 ἀρχαίου
430 2041 783 2105 κωλυθέντος
813 2036 848 2111 ᾗ
881 2044 1154 2111 πρότερον
1184 2042 1318 2112 ῥεῖν.
1373 2042 1518 2095 οὕτω
1550 2043 1648 2095 τὸν
1679 2041 1852 2096 ἐκεῖσε

290 2253 312 2290 1
355 2247 473 2291 Plat.
508 2247 603 2290 Ion.
639 2247 781 2291 536A
913 2251 967 2290 10
1006 2246 1135 2292 Dem.
1170 2246 1227 2290 de
1258 2246 1360 2291 fals.
1395 2247 1483 2304 leg.
1525 2262 1570 2304 p.
1604 2252 1703 2301 413,
1736 2251 1762 2290 9

175 2311 227 2350 16
259 2310 528 2361 Μυκερῖνον
560 2305 667 2349 Her.
692 2306 735 2349 H
762 2310 859 2350 133·
967 2310 1022 2349 20
1056 2305 1121 2350 Cf.
1154 2305 1369 2364 Hermog.
1404 2307 1461 2350 de
1492 2305 1582 2351 inv.
1615 2306 1658 2349 Π
1689 2312 1714 2350 2
1746 2306 1849 2363 (Rh.

171 2381 237 2423 gr.
268 2366 333 2410 ΠΙ
364 2370 418 2409 83
445 2380 510 2422 sq.
545 2365 622 2422 W)

291 2547 316 2586 3
347 2550 440 2587 τῶν
493 2542 689 2586 fortasse
716 2542 1072 2599 praeferendum
1095 2545 1293 2587 πολιτῶν
1398 2548 1426 2586 4
1457 2542 1540 2593 τὰς
1571 2543 1620 2588 ἐν
1652 2543 1768 2600 αὐτῆ
1793 2540 1852 2587 ἂν

174 2600 284 2657 ἐμὰς
307 2603 352 2646 Β
380 2603 385 2658 Ι
414 2618 472 2658 ην
504 2602 668 2658 scripsi
729 2600 787 2646 ἂν
819 2601 928 2645 libri
960 2603 1007 2646 eb
1037 2602 1128 2645 edd
1234 2607 1260 2645 5
1292 2602 1491 2646 ἀκούσαι
1517 2603 1560 2648 V
1658 2606 1684 2645 8
1718 2602 1852 2659 ἐμνη-

174 2702 367 2759 μόνευεν
384 2705 428 2748 L
514 2710 540 2748 9
564 2702 691 2750 τοῦτ’
714 2706 758 2750 V
843 2709 897 2748 10
919 2721 948 2760 η
972 2704 1022 2747 in
1046 2705 1294 2762 εὐθηνοῖτο
1317 2705 1367 2748 in
1390 2718 1466 2748 ras
1493 2704 1552 2750 Or
1608 2679 1851 2749 εὐθέινσῖτο

174 2764 220 2806 Ρ
311 2768 364 2807 11
397 2762 449 2808 δὲ
481 2777 555 2807 om
579 2765 623 2808 L
723 2769 776 2807 12
810 2763 926 2821 αὕτη
953 2765 996 2808 V
1096 2768 1150 2806 13
1181 2762 1553 2820 κατακεκριμένω
1589 2765 1712 2809 CPB
1743 2764 1854 2807 Ferr

175 2821 586 2879 κατακεκρυμμένω
618 2823 662 2866 L
686 2823 787 2867 Mor
909 2828 963 2867 14
994 2839 1041 2867 τε
1072 2823 1246 2866 inserui
1278 2837 1302 2867 e
1335 2823 1473 2867 BVL
1587 2827 1640 2867 17
1673 2823 1852 2880 μακρὸν

176 2893 201 2923 e
232 2880 414 2936 μακρὰν
446 2895 547 2925 corr
580 2881 636 2926 Ο2
677 2883 683 2940 Ι
726 2882 851 2942 αὐτῷ
882 2881 1047 2938 scripsi
1129 2882 1253 2942 αὐτῷ
1276 2881 1387 2926 libri
1419 2884 1466 2925 et
1497 2882 1588 2926 edd
1710 2886 1765 2926 18
1795 2881 1852 2926 τὰ

176 2952 250 2982 om
281 2940 325 2983 L
446 2945 499 2983 21
533 2938 750 2998 ἀρχαίου]
784 2939 939 2997 ἑτέρου
970 2941 1080 2984 Fert
