2026 3168
675 130 903 175 LIBAN'H
934 125 1274 175 ORATIONES
1744 131 1812 183 87

135 267 375 338 ὀρφανία
428 265 556 320 νέου
610 275 808 334 ποιεῖν,
863 265 1001 319 ἀλλὰ
1051 268 1290 337 προνοίᾳ
1350 267 1552 336 Τύχης,
1613 264 1685 319 δι’
1745 267 1818 335 ἣν

137 356 301 418 αὐτός
337 375 395 408 τε
433 354 673 422 ἐμαυτοῦ
713 354 890 424 φύλαξ
929 351 1001 423 ἦν
1039 356 1240 418 ἄλλους
1281 374 1339 407 τε
1378 353 1655 425 ἐρρυόμην
1693 371 1819 407 παι-

137 445 258 507 διάς
295 463 353 496 τε
391 445 600 496 ἔπαυον
638 442 968 513 ἐπιζημίους,
1007 441 1093 512 ἐφ’
1132 442 1195 506 ἃς
1225 445 1355 506 τοὺς
1390 445 1591 512 λόγους
1622 443 1819 512 ῥίψαν-

136 552 223 595 τες
270 532 371 585 οὐκ
421 532 599 600 ὀλίγοι
646 541 757 585 τῶν
802 531 945 585 νέων
990 530 1257 602 ἐφέροντο
1306 563 1375 570 ——
1423 532 1696 600 γεμούσης
1748 532 1816 599 δὴ

134 628 234 673 τοῦ
271 618 398 690 περὶ
437 619 647 689 ἀμφοῖν
684 629 806 673 τοῖν
845 620 1085 689 ἀγαθοῖν
1116 622 1287 688 λόγου
1319 628 1414 689 τῆς
1443 622 1653 683 πόλεως
1682 619 1818 672 ἀπά-
1864 641 1884 673 5

137 724 234 777 σης
273 709 326 762 οἱ
370 708 688 779 παρθένους
732 708 1028 779 τρέφοντες
1071 708 1298 779 πατέρες
1345 709 1438 761 διὰ
1474 717 1596 761 τοῖν
1633 710 1820 761 θείοιν

134 805 256 851 τοῖν
287 796 444 866 ἐμοῖν
474 795 643 868 ᾔεσαν
674 796 758 850 ἐπ’
795 796 889 867 ἐμὲ
919 799 1121 866 πλήθει
1151 798 1378 868 προικὸς
1409 796 1592 867 ἕτερος
1630 795 1820 867 ἕτερον

138 888 450 955 παριόντες,

225 987 342 1040 ἀλλ’
389 987 522 1057 ε’μὸν
561 990 759 1042 οὔποτε
797 989 986 1058 θυμὸν
1025 987 1108 1042 ἑνὶ
1148 991 1449 1057 στήθεσσιν
1486 987 1734 1058 ἔπειθον,

137 1086 288 1160 οἶμαι
334 1091 396 1144 δὲ
441 1092 577 1144 κατὰ
623 1092 720 1144 τὸν
760 1090 1024 1144 Ὀδυσσέα
1069 1090 1160 1144 καὶ
1213 1097 1376 1144 θεῖον
1421 1092 1706 1162 ὑπεριδεῖν
1751 1091 1822 1145 ἂν
1846 1114 1888 1146 ιο

139 1180 316 1248 γάμον
371 1181 508 1248 πρὸς
561 1180 661 1231 τὸν
708 1178 958 1248 Ἀθηνῶν
1010 1169 1235 1233 καπνόν.
1330 1179 1412 1232 13.
1474 1179 1507 1248 ἡ
1561 1177 1663 1249 μὲν
1717 1176 1823 1233 οὗν

136 1270 310 1337 μήτηρ
362 1267 367 1339 Ι
417 1267 684 1339 ἐδάκρυεν
742 1266 873 1322 οὐδὲ
928 1270 1028 1322 τὸν
1080 1271 1248 1337 λόγον
1302 1267 1599 1337 ἀνεχομένη
1654 1277 1754 1323 τοῦ
1794 1282 1908 1325 R12

136 1355 323 1427 ἔργου,
362 1365 484 1410 τοῖν
521 1359 706 1410 θείοιν
746 1358 807 1410 δὲ
838 1357 866 1410 ὁ
898 1358 1267 1428 πρεσβύτερος
1297 1366 1361 1428 τῇ
1394 1358 1495 1427 μὲν
1525 1356 1660 1429 ᾤετο
1692 1360 1825 1427 βοη-

138 1450 268 1499 θεῖν
305 1446 441 1514 δεῖν,
481 1442 573 1514 ἐμὲ
613 1443 674 1498 δὲ
713 1444 963 1499 ἐκέλευεν
1002 1446 1293 1499 ἀδυνάτων
1332 1446 1650 1516 ἀφεστάναι,
1685 1443 1823 1515 μηδὲ

137 1535 242 1603 γὰρ
297 1535 344 1587 εἰ
395 1535 612 1604 σφόδρα
657 1532 854 1605 ἐρῴην,
907 1533 1221 1604 ἐπιτρέψειν
1266 1534 1451 1587 αὑτόν.
1526 1535 1593 1587 τὰ
1630 1533 1823 1604 Ὀλύμ-
1848 1555 1890 1589 15

258 1684 283 1722 9
317 1678 400 1723 Od.
432 1696 460 1735 η
494 1683 580 1723 258
731 1683 785 1722 10
819 1679 902 1723 Od.
937 1695 958 1723 ε
983 1684 1148 1735 215sq.
1190 1697 1220 1722 α
1244 1684 1381 1735 57sq.

257 1818 284 1855 4
308 1811 549 1885 γεμούσης]
575 1811 784 1856 ἐνταῦθα
807 1811 1020 1856 ἀπέδωκε
1043 1818 1139 1868 τῆς
1162 1811 1361 1868 φήμης,
1386 1778 1581 1887 ἀνέλαβε
1605 1813 1656 1856 δὲ
1681 1812 1823 1856 πάλιν

141 1871 290 1916 ἐκεῖνο
322 1870 403 1916 διὰ
432 1878 515 1914 τοῦ
546 1871 823 1944 γεμούσης
853 1871 1020 1927 μεταξὺ
1046 1872 1256 1944 δηλώσας
1278 1866 1438 1926 περὶ
1409 1888 1474 1915 ων
1499 1871 1707 1946 ἐβούλετο
1726 1872 1770 1915 V

141 1935 197 1973 10
228 1930 364 1974 Μετὰ
394 1929 475 1973 τὸν
508 1929 558 1973 ἐκ
586 1927 757 1985 Τροίας
786 1929 1027 1975 ἀνάπλουν
1046 1927 1291 1980 Ὀδυσσεὺς
1322 1929 1371 1974 ἔν
1402 1946 1494 1973 τινι
1518 1930 1641 1990 νήσῳ
1666 1929 1822 1974 καταί-

140 2005 232 2043 ρει,
279 1989 399 2033 ἔνθα
437 1983 496 2063 ᾖν
535 1987 564 2044 ἡ
602 1990 834 2045 Καλυψώ,
881 1987 964 2045 μία
1012 1985 1127 2032 οὖσα
1165 1996 1256 2032 τῶν
1295 1986 1563 2045 Νηρηίδων,
1609 1976 1823 2047 θυγάτηρ

130 2045 395 2103 Ατλαντος,
431 2065 461 2106 ῃ
502 2047 582 2091 καὶ
620 2048 766 2105 μιγεὶς
797 2048 1026 2092 ἐνταυθοῖ
1053 2048 1120 2104 (ἐν
1152 2048 1269 2103 αυτῆ
1300 2048 1362 2105 Β)
1402 2046 1649 2105 κατέμενεν
1681 2048 1822 2121 άκων,.

139 2106 359 2165 ὑπέσχετο
406 2107 493 2163 γὰρ
542 2107 666 2180 αὐτῷ
698 2106 726 2163 ἡ
765 2107 879 2157 θεὸς
916 2106 1164 2151 ἀθάνατον
1203 2106 1414 2161 ποιήσειν
1460 2106 1659 2163 μένοντα
1705 2105 1819 2163 παρ’

140 2166 281 2224 αὐτῇ,
322 2166 345 2210 ὁ
386 2167 436 2210 δὲ
476 2165 594 2239 πρὸς
630 2153 712 2210 τὸν
749 2171 830 2221 τῆς
869 2164 1094 2221 πατρίδος
1125 2165 1270 2221 ἔρωτα
1300 2171 1381 2222 τῆς
1411 2164 1681 2260 ἀθανασίας
1711 2165 1825 2211 ἀπέ-

141 2239 291 2282 ⁶Z⁸w
326 2226 440 2282 φησὶ
470 2226 558 2282 γὰρ
590 2242 642 2268 το
675 2225 804 2275 ἔπος
1084 2268 1231 2324 αὐτὰρ
1257 2266 1502 2320 Ὀδυσσεὺς

438 2327 615 2403 ἱέμενος
645 2329 725 2372 καὶ
755 2328 939 2372 καπνὸν
971 2328 1341 2383 ἀποθρώσκοντα
1372 2334 1538 2384 νοῆσαι

140 2444 252 2490 P’B
435 2383 491 2441 ἧς
520 2386 656 2444 γαίης
685 2386 925 2432 θανέειν
911 2385 1131 2443 ιμείρεται

262 2583 288 2622 2
321 2578 380 2621 ad
411 2578 551 2623 verba
582 2577 722 2629 αὐτός
746 2606 801 2611 --
825 2574 883 2635 ἦν
915 2579 965 2621 in
996 2591 1128 2635 marg
1157 2594 1216 2622 m.
1249 2593 1338 2623 rec.
1365 2581 1421 2637 (s)
1462 2579 1603 2631 αὐτὸς
1626 2579 1824 2636 ἐμαυτοῦ

146 2635 350 2691 φύλαξ’Α
325 2654 384 2693 ην
415 2638 459 2681 V
492 2640 498 2695 Ι
555 2636 754 2695 ἐρυόμην
789 2638 877 2682 ΟΡ
904 2638 1015 2680 Fert
1045 2637 1113 2681 Re
1203 2636 1392 2695 εἰρυόμη
1396 2655 1423 2682 ν
1453 2639 1564 2682 Fen·
1611 2638 1662 2681 in
1693 2651 1827 2694 marg

145 2693 245 2738 Mor
378 2701 403 2739 6
444 2696 489 2740 οἱ
520 2723 575 2729 -
608 2700 634 2739 8
665 2695 914 2752 παριόντες
946 2696 1061 2739 citat
1091 2696 1208 2740 Plan
1238 2697 1307 2741 fol
1339 2702 1393 2740 21
1538 2701 1563 2739 9
1604 2695 1825 2751 στήθεσιν

147 2753 247 2797 BV
339 2759 393 2798 10
423 2753 563 2799 θείου
589 2757 632 2799 V
684 2754 832 2799 θείων
864 2757 907 2799 L
1000 2760 1051 2798 11
1086 2755 1234 2812 γάμου
1254 2757 1297 2800 V
1350 2755 1509 2812 γάμων
1533 2756 1577 2799 L
1608 2757 1656 2799 et
1687 2770 1826 2812 supra

146 2810 294 2884 γάμον
316 2828 375 2856 m
393 2827 481 2857 rec.
500 2816 556 2871 (s)
575 2814 614 2858 Ο
636 2816 642 2870 Ι
672 2812 881 2871 Ἀθηνῶν
905 2813 1009 2858 coni
1034 2814 1101 2857 Re
1125 2816 1173 2858 et
1194 2814 1327 2858 Boiss
1351 2815 1529 2871 Eunap
1557 2819 1643 2857 374
1703 2815 1825 2870 ἀθη-

146 2868 293 2914 ναίων
315 2871 425 2915 libri
448 2873 572 2927 ooni3
598 2873 654 2916 cf
676 2873 891 2917 philostr.
909 2874 1048 2930 imag.
1066 2873 1087 2915 I
1106 2877 1174 2927 15,
1192 2878 1218 2916 3
1237 2873 1262 2917 ὁ
1284 2874 1461 2930 Θησεὺς
1485 2874 1567 2928 ἐρᾶ
1590 2872 1688 2929 μέν,
1711 2873 1826 2916 ἀλλὰ

146 2935 230 2973 τοῦ
252 2936 344 2974 τῶν
358 2908 572 2987 Ἀθηνῶν
586 2939 768 2976 καπνοῦ
847 2937 902 2975 14
927 2930 1158 2976 ἐκέλευσεν
1175 2934 1220 2977 B
1294 2937 1348 2975 15
1373 2933 1516 2976 αὐτὸν
1539 2918 1648 2975 fibri
1672 2934 1719 2975 et
1735 2931 1826 2975 edd
