2026 3168
168 163 277 215 252
708 162 936 206 LIBANII
967 161 1309 206 ORATIONES

170 297 429 366 ἐγάμουν,
446 296 563 350 ἀλλ’
589 298 733 360 ὅπως
756 294 893 365 μηδὲ
919 298 1209 365 δεήσονται
1233 298 1440 366 γάμων,
1466 298 1677 367 εὕρητο.
1711 299 1763 350 οἱ
1789 297 1856 351 δέ

168 406 229 454 γε
253 387 409 439 ἵπποι
435 385 697 455 φέροντες
712 388 842 448 τοὺς
859 385 1050 448 ἱππέας
1066 386 1293 454 ἥδιστον
1309 386 1410 455 μὲν
1425 387 1607 455 <τοῖς>
1626 388 1851 449 οἰκείοις

80 489 122 531 R
145 492 227 531 185
259 475 458 542 θέαμα,
496 475 739 545 φοβερὸν
771 475 832 527 δὲ
870 483 985 537 τοῖς
1017 474 1350 543 ἀντιπάλοις,
1389 476 1477 528 καὶ
1513 473 1519 545 l
1553 472 1623 543 ἦν
1663 476 1852 544 εἰρήνη

169 564 591 629 παραινούντων
653 561 867 626 ἑαυτοῖς
926 572 1039 616 τῶν
1101 564 1399 632 βαρβάρων
1459 565 1560 632 τὴν
1619 564 1855 632 ἡσυχίαν

127 653 340 720 5ἄγειν.
416 652 503 703 41.
544 653 591 704 εἰ
632 649 693 704 δὲ
732 653 817 704 δεῖ
855 652 945 704 καὶ
983 652 1105 720 περὶ
1144 660 1257 704 τῶν
1293 653 1360 704 τὰ
1398 650 1537 720 ἔθνη
1578 653 1854 706 διοικούν-

170 761 282 793 των
321 739 601 810 ἀρχόντων
640 742 831 807 εῑπεῖν,
878 736 1052 809 ἦρχον
1087 737 1190 807 μὲν
1229 742 1282 793 οἱ
1319 740 1593 808 βέλτιστοι
1631 740 1855 810 κριθέν-

168 849 278 897 τες,
316 830 529 882 τούτων
569 829 629 882 δὲ
668 830 720 882 οἱ
759 827 859 895 μὲν
899 830 1247 898 ἐμμείναντες
1290 836 1366 901 τῷ
1406 831 1589 901 τρόπῳ
1629 832 1854 898 κατεγή-

168 939 285 988 ρων
332 917 392 970 ἐν
438 926 554 980 τοῖς
598 919 853 986 θρόνοις,
900 919 953 970 οἱ
1002 914 1063 970 δὲ
1110 917 1427 980 ἐκπεσόντες
1474 916 1683 970 ἑαυτῶν
1730 917 1855 971 ἀπέ-

170 1012 440 1075 θνησκον,
472 1005 562 1059 καὶ
595 1006 696 1059 οὐκ
727 1003 798 1074 ἦν
827 1008 1164 1076 παραίτησις.
1215 1005 1359 1059 τοῦτ’
1393 1002 1496 1059 οὗν
1527 1005 1698 1059 ἐποίει
1728 1009 1858 1069 τοὺς

106 1117 148 1149 10
171 1098 375 1163 νόμους
427 1104 662 1165 κρατεῖν.
739 1096 825 1147 42.
883 1095 1019 1148 ἀλλὰ
1072 1103 1180 1148 νῦν
1232 1095 1409 1165 τρέχει
1462 1093 1563 1164 μὲν
1615 1094 1704 1149 ἐπὶ
1758 1097 1860 1164 τὴν

171 1184 344 1254 ἀρχὴν
391 1184 420 1238 ὁ
467 1186 737 1254 πρίασθαι
786 1185 1076 1253 δυνηθείς,
1130 1183 1555 1253 μεταστρέφεται
1603 1184 1664 1237 δὲ
1708 1203 1859 1254 περι-

173 1282 410 1340 σκοπῶν,
457 1274 529 1342 μὴ
570 1273 636 1326 οὐ
677 1275 918 1336 πολλοὺς
957 1272 1143 1342 ἀπέχει
1183 1273 1442 1335 σταδίους
1480 1273 1509 1326 ὁ
1551 1273 1859 1342 διαδεξόμε-

171 1382 279 1424 νος.
349 1361 606 1430 ὁμολογεῖ
638 1362 699 1414 δὲ
730 1362 928 1429 εὐθύς,
969 1363 1040 1424 ὡς
1071 1358 1168 1430 ἧκε
1202 1364 1531 1430 ληψόμενος,
1563 1363 1651 1415 καὶ
1694 1370 1859 1415 τοῦτο

171 1459 266 1519 τῆς
297 1450 464 1520 ἀρχῆς
498 1451 559 1503 τὸ
589 1452 903 1520 προοίμιον,
926 1449 988 1503 ἐν
1019 1447 1080 1503 δὲ
1111 1460 1227 1513 τοῖς
1258 1450 1515 1504 ἁπάντων
1547 1450 1862 1519 ὀφθαλμοῖς

107 1560 148 1592 15
173 1540 238 1591 τὰ
269 1541 539 1609 πρότερον
570 1538 632 1592 ἐν
663 1541 843 1592 σκότει
883 1541 1181 1608 γιγνόμενα
1212 1545 1491 1608 τολμᾶται,
1521 1538 1628 1592 κᾶν
1663 1538 1858 1608 ἐξέλθῃ

172 1635 269 1695 τῆς
306 1627 498 1697 ἀρχῆς,
545 1630 743 1697 μικρόν
788 1647 841 1680 τι
887 1635 987 1680 τοῦ
1033 1628 1238 1690 παντὸς
1285 1626 1536 1696 ἐξεμέσας
1581 1628 1641 1680 τὸ
1690 1626 1862 1680 πλέον

173 1715 452 1779 κατέπεψε.
499 1718 673 1785 βαρὺς
704 1712 809 1769 οὖν
839 1716 868 1769 ὁ
899 1717 966 1769 τὰ
995 1717 1098 1785 μὲν
1121 1726 1314 1784 μισῶν,
1347 1718 1413 1769 τὰ
1445 1717 1506 1770 δὲ
1536 1716 1859 1784 θαυμάζων;

284 1805 370 1857 43.
425 1799 582 1858 Εἶεν·
640 1806 689 1858 εἰ
741 1802 803 1857 δὲ
853 1805 921 1874 δὴ
975 1806 1066 1858 καὶ
1120 1806 1288 1859 τᾶλλα
1342 1825 1407 1871 με
1460 1805 1638 1858 πάντα
1692 1806 1863 1873 φίλον

177 1893 347 1946 ε’ποίει
397 1902 515 1956 τοῖς
566 1901 866 1963 παροῦσιν,
922 1894 1022 1947 οὐκ
1070 1895 1140 1946 ἄν
1185 1913 1250 1962 με
1296 1895 1386 1946 καὶ
1432 1896 1575 1962 μόνα
1619 1894 1685 1946 τὰ
1738 1893 1863 1961 περὶ

112 2003 155 2035 20
179 1983 310 2044 τοὺς
372 1983 570 2050 λόγους
633 1984 852 2045 εἰκότως
914 1981 1340 2051 ἐξεπολέμωσεν;
1419 1985 1472 2035 οἳ
1526 1982 1693 2035 πάλαι
1760 1981 1864 2048 μὲν

175 2071 508 2139 ἤστραπτον,
570 2079 677 2123 νῦν
739 2069 789 2123 δ’
841 2072 955 2124 ἐἰσὶ
1026 2073 1325 2139 σκοτεινοί,
1388 2072 1475 2124 καὶ
1535 2071 1699 2123 πάλαι
1760 2070 1864 2136 μὲν

299 2249 352 2287 16
384 2245 460 2287 Ar.
493 2245 606 2288 Aah.
643 2251 681 2289 6.
714 2246 797 2301 Eq.
834 2251 946 2289 1148

297 2396 318 2434 1
360 2408 419 2447 μη
467 2405 573 2435 eum
618 2405 781 2435 rasura.
828 2392 1024 2436 duarum
1071 2393 1332 2436 litterarum
1364 2394 1398 2436 I
1424 2394 1431 2448 Ι
1473 2391 1729 2446 δεήσωνται
1780 2391 1860 2435 CA

178 2450 332 2494 PBM
357 2450 426 2494 Re
547 2456 572 2494 2
603 2458 700 2501 τοῖς
737 2451 913 2495 inserui
953 2454 1140 2495 auctore
1178 2452 1247 2495 Re
1285 2452 1425 2494 Anim
1554 2456 1580 2494 6
1620 2447 1863 2507 ἀρχόντων

178 2508 332 2552 delere
364 2509 464 2552 vult
487 2508 633 2553 Cobet
655 2510 685 2553 1.
711 2510 740 2553 l.
821 2515 844 2553 7
879 2510 930 2555 δὲ
962 2525 1036 2554 om
1061 2511 1183 2554 Fabr
1265 2514 1290 2553 8
1324 2510 1476 2554 αὐτῶν
1505 2510 1539 2552 Ι
1587 2517 1740 2553 αυτῶν
1765 2509 1810 2553 U

180 2571 235 2610 10
266 2565 413 2624 τρέχει
445 2567 528 2624 μὲν
561 2569 725 2624 scripsi
758 2570 915 2614 eVUI
942 2570 991 2612 in
1023 2584 1114 2625 quo
1146 2568 1293 2627 τρέχει
1324 2569 1447 2612 inser
1477 2567 1559 2620 ω’,
1595 2568 1680 2612 Mo
1725 2567 1863 2621 Fabr,

179 2628 234 2669 ut
288 2626 431 2669 etiam
487 2627 689 2671 Sintenis
743 2629 989 2684 proposuit
1118 2629 1199 2685 μὲν
1251 2626 1400 2685 τρέχει
1454 2626 1688 2671 ΟΑΡΒΜ
1735 2626 1804 2670 Re

184 2734 235 2772 11
270 2701 621 2785 ss‘zZ‘l‘ovpgqmm
654 2731 715 2773 Μ
818 2737 872 2775 12
906 2739 1089 2775 σκοπῶν
1121 2731 1231 2776 ΒΜ
1254 2732 1260 2786 ᾗ
1302 2729 1463 2786 ἀπέχει
1494 2729 1617 2772 Fabr
1649 2731 1696 2772 et
1721 2728 1866 2772 Cobet

183 2788 213 2832 1.
239 2787 269 2831 1.
333 2786 482 2846 ἀπέχῃ
514 2787 624 2832 libri
656 2790 703 2831 et
732 2789 801 2832 Re
900 2795 954 2833 13
989 2788 1034 2834 δ’
1062 2790 1130 2833 Re
1158 2791 1164 2848 Ι
1192 2788 1294 2845 ἥκει
1319 2789 1487 2841 Gasda‚
1520 2788 1716 2832 fortasse
1740 2789 1866 2831 recte

246 2851 300 2890 14
332 2847 476 2903 ἀρχῆς
507 2861 582 2890 om
615 2847 700 2892 Mo
804 2853 856 2891 15
888 2847 1115 2904 πρότερον
1149 2849 1247 2902 Mo,
1280 2848 1360 2892 sed
1391 2846 1599 2903 πρόσθεν
1631 2848 1679 2890 in
1702 2860 1835 2903 marg

183 2903 402 2962 γινόμενα
428 2906 631 2950 VUIMo
722 2911 776 2950 18
810 2923 829 2951 ε
861 2908 910 2950 in
939 2904 1032 2952 εἶεν
1062 2908 1112 2952 in
1136 2920 1209 2950 ras
1238 2907 1302 2951 CW
1398 2912 1454 2950 20
1484 2907 1593 2956 τοὺς
1616 2919 1691 2949 om
1714 2904 1838 2948 Fabr

181 2967 257 3007 λαι
287 2965 337 3007 in
366 2964 512 3008 πάλαι
544 2964 592 3007 in
622 2978 698 3008 ras
730 2967 764 3008 I
770 2965 786 2989 ²
831 2966 898 3009 πά
932 2980 1035 3009 cum
1065 2980 1227 3010 rasura
1258 2966 1400 3009 trium
1437 2965 1697 3008 litterarum
1726 2965 1769 3009 U
