<?xml version="1.0" encoding="UTF-8"?>
<!DOCTYPE html PUBLIC "-//W3C//DTD XHTML 1.0 Transitional//EN"
    "http://www.w3.org/TR/xhtml1/DTD/xhtml1-transitional.dtd">
<html xmlns="http://www.w3.org/1999/xhtml" xml:lang="en" lang="en">
 <head>
  <title>
</title>
<meta http-equiv="Content-Type" content="text/html;charset=utf-8" />
  <meta name='ocr-system' content='tesseract 3.04.00' />
  <meta name='ocr-capabilities' content='ocr_page ocr_carea ocr_par ocr_line ocrx_word'/>
</head>
<body>
  <div class='ocr_page' id='page_1' title='image "./operarecensuitri01libauoft_0212.png"; bbox 0 0 2026 3168; ppageno 0'>
   <div class='ocr_carea' id='block_1_1' title="bbox 154 144 1290 198">
    <p class='ocr_par' dir='ltr' id='par_1_1' title="bbox 154 144 1290 198">
     <span class='ocr_line' id='line_1_1' title="bbox 154 144 1290 198; baseline -0.007 0"><span class='ocrx_word' id='word_1_1' title='bbox 154 146 257 198; x_wconf 85' lang='grc'><em>196</em></span> <span class='ocrx_word' id='word_1_2' title='bbox 691 145 920 189; x_wconf 89' lang='lat' dir='ltr'><strong><em>LIBANH</em></strong></span> <span class='ocrx_word' id='word_1_3' title='bbox 951 144 1290 190; x_wconf 73' lang='lat' dir='ltr'><strong>ORATIONES</strong></span> 
     </span>
    </p>
   </div>
   <div class='ocr_carea' id='block_1_2' title="bbox 59 276 1844 1948">
    <p class='ocr_par' dir='ltr' id='par_1_2' title="bbox 59 276 1844 617">
     <span class='ocr_line' id='line_1_2' title="bbox 59 276 1844 354; baseline -0.002 -16"><span class='ocrx_word' id='word_1_4' title='bbox 59 295 100 338; x_wconf 76' lang='lat' dir='ltr'><strong>R</strong></span> <span class='ocrx_word' id='word_1_5' title='bbox 127 299 210 338; x_wconf 85' lang='lat'><em>157</em></span> <span class='ocrx_word' id='word_1_6' title='bbox 242 284 504 350; x_wconf 78' lang='grc' dir='ltr'><em>κεφαλήν,</em></span> <span class='ocrx_word' id='word_1_7' title='bbox 521 288 636 343; x_wconf 88' lang='grc' dir='ltr'><em>τοῖς</em></span> <span class='ocrx_word' id='word_1_8' title='bbox 661 276 765 334; x_wconf 82' lang='grc' dir='ltr'><em>οὗν</em></span> <span class='ocrx_word' id='word_1_9' title='bbox 790 281 892 333; x_wconf 85' lang='grc' dir='ltr'><em>οὐκ</em></span> <span class='ocrx_word' id='word_1_10' title='bbox 917 279 1148 349; x_wconf 79' lang='grc' dir='ltr'><em>ἀληθέσι</em></span> <span class='ocrx_word' id='word_1_11' title='bbox 1173 282 1391 344; x_wconf 82' lang='grc' dir='ltr'><strong><em>τούτοις</em></strong></span> <span class='ocrx_word' id='word_1_12' title='bbox 1415 280 1588 351; x_wconf 81' lang='grc' dir='ltr'><em>ὀργὴν</em></span> <span class='ocrx_word' id='word_1_13' title='bbox 1612 280 1673 334; x_wconf 84' lang='grc' dir='ltr'><em>ἐν</em></span> <span class='ocrx_word' id='word_1_14' title='bbox 1698 281 1844 354; x_wconf 76' lang='grc' dir='ltr'><em>αὐτῷ</em></span> 
     </span>
     <span class='ocr_line' id='line_1_3' title="bbox 151 366 1837 440; baseline -0.001 -17"><span class='ocrx_word' id='word_1_15' title='bbox 151 371 430 440; x_wconf 80' lang='grc' dir='ltr'><strong><em>φυτεύσας</em></strong></span> <span class='ocrx_word' id='word_1_16' title='bbox 467 366 601 438; x_wconf 76' lang='grc' dir='ltr'><em>ἦγεν</em></span> <span class='ocrx_word' id='word_1_17' title='bbox 641 368 855 422; x_wconf 81' lang='grc' dir='ltr'><strong><em>ἐοικότα</em></strong></span> <span class='ocrx_word' id='word_1_18' title='bbox 894 367 987 421; x_wconf 89' lang='grc' dir='ltr'><em>συὶ</em></span> <span class='ocrx_word' id='word_1_19' title='bbox 1025 371 1263 438; x_wconf 92' lang='grc' dir='ltr'><em>θήγοντι</em></span> <span class='ocrx_word' id='word_1_20' title='bbox 1309 370 1407 423; x_wconf 92' lang='grc' dir='ltr'><em>τὸν</em></span> <span class='ocrx_word' id='word_1_21' title='bbox 1454 371 1670 423; x_wconf 81' lang='grc' dir='ltr'><em>ὀδόντα.</em></span> <span class='ocrx_word' id='word_1_22' title='bbox 1747 368 1837 422; x_wconf 83' lang='grc' dir='ltr'><em>καὶ</em></span> 
     </span>
     <span class='ocr_line' id='line_1_4' title="bbox 150 452 1836 528; baseline -0.001 -16"><span class='ocrx_word' id='word_1_23' title='bbox 150 460 277 512; x_wconf 83' lang='grc' dir='ltr'><em>οὔτε</em></span> <span class='ocrx_word' id='word_1_24' title='bbox 330 458 540 511; x_wconf 78' lang='grc' dir='ltr'><em>ἀπόντα</em></span> <span class='ocrx_word' id='word_1_25' title='bbox 586 457 778 511; x_wconf 78' lang='grc' dir='ltr'><strong><em>ἐπόθει</em></strong></span> <span class='ocrx_word' id='word_1_26' title='bbox 823 460 1069 528; x_wconf 89' lang='grc' dir='ltr'><em>παρόντα</em></span> <span class='ocrx_word' id='word_1_27' title='bbox 1110 477 1168 510; x_wconf 91' lang='grc' dir='ltr'><em>τε</em></span> <span class='ocrx_word' id='word_1_28' title='bbox 1209 452 1356 511; x_wconf 83' lang='grc' dir='ltr'><em>εἶδεν</em></span> <span class='ocrx_word' id='word_1_29' title='bbox 1394 458 1464 512; x_wconf 79' lang='grc' dir='ltr'><em>ἂν</em></span> <span class='ocrx_word' id='word_1_30' title='bbox 1501 458 1674 527; x_wconf 82' lang='grc' dir='ltr'><em>ἡδέως</em></span> <span class='ocrx_word' id='word_1_31' title='bbox 1713 458 1836 511; x_wconf 89' lang='grc' dir='ltr'><em>ἀπι-</em></span> 
     </span>
     <span class='ocr_line' id='line_1_5' title="bbox 150 545 1836 617; baseline 0 -17"><span class='ocrx_word' id='word_1_32' title='bbox 150 550 295 601; x_wconf 90' lang='grc' dir='ltr'><em>όντα.</em></span> <span class='ocrx_word' id='word_1_33' title='bbox 372 547 495 598; x_wconf 82' lang='lat'><strong>264.</strong></span> <span class='ocrx_word' id='word_1_34' title='bbox 535 545 626 599; x_wconf 85' lang='grc' dir='ltr'><em>καὶ</em></span> <span class='ocrx_word' id='word_1_35' title='bbox 665 548 808 600; x_wconf 85' lang='grc' dir='ltr'><em>πολὺ</em></span> <span class='ocrx_word' id='word_1_36' title='bbox 848 554 1129 615; x_wconf 82' lang='grc' dir='ltr'><em>πανταχοῦ</em></span> <span class='ocrx_word' id='word_1_37' title='bbox 1161 554 1325 600; x_wconf 84' lang='grc' dir='ltr'><em>τοῦτο</em></span> <span class='ocrx_word' id='word_1_38' title='bbox 1365 547 1426 599; x_wconf 92' lang='grc' dir='ltr'><em>τὸ</em></span> <span class='ocrx_word' id='word_1_39' title='bbox 1459 548 1559 600; x_wconf 93' lang='grc' dir='ltr'><em>τὸν</em></span> <span class='ocrx_word' id='word_1_40' title='bbox 1598 549 1836 617; x_wconf 78' lang='grc' dir='ltr'><em>ἄρχοντα</em></span> 
     </span>
    </p>

    <p class='ocr_par' dir='ltr' id='par_1_3' title="bbox 108 634 1838 970">
     <span class='ocr_line' id='line_1_6' title="bbox 108 634 1836 706; baseline -0.001 -17"><span class='ocrx_word' id='word_1_41' title='bbox 108 657 127 690; x_wconf 84' lang='grc'>5</span> <span class='ocrx_word' id='word_1_42' title='bbox 151 635 641 702; x_wconf 85' lang='grc' dir='ltr'><em>ἐκπεπολεμῶσθαί</em></span> <span class='ocrx_word' id='word_1_43' title='bbox 681 656 787 702; x_wconf 91' lang='grc' dir='ltr'><em>μοι.</em></span> <span class='ocrx_word' id='word_1_44' title='bbox 865 635 894 687; x_wconf 89' lang='grc' dir='ltr'><em>ὃ</em></span> <span class='ocrx_word' id='word_1_45' title='bbox 943 636 1011 703; x_wconf 88' lang='grc' dir='ltr'><em>δὴ</em></span> <span class='ocrx_word' id='word_1_46' title='bbox 1058 635 1147 688; x_wconf 81' lang='grc' dir='ltr'><em>καὶ</em></span> <span class='ocrx_word' id='word_1_47' title='bbox 1195 634 1418 706; x_wconf 89' lang='grc' dir='ltr'><em>γέροντί</em></span> <span class='ocrx_word' id='word_1_48' title='bbox 1459 655 1571 689; x_wconf 93' lang='grc' dir='ltr'><em>τινι</em></span> <span class='ocrx_word' id='word_1_49' title='bbox 1609 654 1836 688; x_wconf 85' lang='grc' dir='ltr'><em>καταπε-</em></span> 
     </span>
     <span class='ocr_line' id='line_1_7' title="bbox 150 721 1838 793; baseline 0.001 -16"><span class='ocrx_word' id='word_1_50' title='bbox 150 727 357 777; x_wconf 90' lang='grc' dir='ltr'><em>πωκότι</em></span> <span class='ocrx_word' id='word_1_51' title='bbox 396 721 497 793; x_wconf 78' lang='grc' dir='ltr'><em>μὲν</em></span> <span class='ocrx_word' id='word_1_52' title='bbox 535 725 747 792; x_wconf 85' lang='grc' dir='ltr'><em>πολλὴν</em></span> <span class='ocrx_word' id='word_1_53' title='bbox 786 723 985 777; x_wconf 85' lang='grc' dir='ltr'><em>οὐσίαν</em></span> <span class='ocrx_word' id='word_1_54' title='bbox 1024 724 1197 777; x_wconf 84' lang='grc' dir='ltr'><em>αὑτοῦ</em></span> <span class='ocrx_word' id='word_1_55' title='bbox 1235 744 1294 777; x_wconf 93' lang='grc' dir='ltr'><em>τε</em></span> <span class='ocrx_word' id='word_1_56' title='bbox 1332 725 1423 776; x_wconf 83' lang='grc' dir='ltr'><em>καὶ</em></span> <span class='ocrx_word' id='word_1_57' title='bbox 1462 723 1735 793; x_wconf 79' lang='grc' dir='ltr'><em>ἀδελφῶν,</em></span> <span class='ocrx_word' id='word_1_58' title='bbox 1777 724 1838 778; x_wconf 83' lang='grc' dir='ltr'><em>ἐν</em></span> 
     </span>
     <span class='ocr_line' id='line_1_8' title="bbox 152 811 1837 883; baseline 0 -18"><span class='ocrx_word' id='word_1_59' title='bbox 152 813 213 866; x_wconf 82' lang='grc' dir='ltr'><em>δὲ</em></span> <span class='ocrx_word' id='word_1_60' title='bbox 251 814 597 883; x_wconf 78' lang='grc' dir='ltr'><em>συκοφαντίᾳ</em></span> <span class='ocrx_word' id='word_1_61' title='bbox 634 821 729 881; x_wconf 80' lang='grc' dir='ltr'><em>τῆς</em></span> <span class='ocrx_word' id='word_1_62' title='bbox 767 820 978 883; x_wconf 77' lang='grc' dir='ltr'><em>τροφῆς</em></span> <span class='ocrx_word' id='word_1_63' title='bbox 1016 815 1199 882; x_wconf 85' lang='grc' dir='ltr'><em>ἔχοντι</em></span> <span class='ocrx_word' id='word_1_64' title='bbox 1236 814 1331 875; x_wconf 82' lang='grc' dir='ltr'><em>τὰς</em></span> <span class='ocrx_word' id='word_1_65' title='bbox 1364 811 1586 876; x_wconf 80' lang='grc' dir='ltr'><em>ἐλπίδας</em></span> <span class='ocrx_word' id='word_1_66' title='bbox 1624 813 1837 882; x_wconf 77' lang='grc' dir='ltr'><em>θάρσος</em></span> 
     </span>
     <span class='ocr_line' id='line_1_9' title="bbox 147 899 1836 970; baseline 0.001 -17"><span class='ocrx_word' id='word_1_67' title='bbox 147 920 205 953; x_wconf 89' lang='grc' dir='ltr'><em>τε</em></span> <span class='ocrx_word' id='word_1_68' title='bbox 253 899 478 969; x_wconf 81' lang='grc' dir='ltr'><em>ἐνέβαλε</em></span> <span class='ocrx_word' id='word_1_69' title='bbox 523 902 616 953; x_wconf 81' lang='grc' dir='ltr'><em>καὶ</em></span> <span class='ocrx_word' id='word_1_70' title='bbox 661 903 969 970; x_wconf 80' lang='grc' dir='ltr'><em>κατήγορον</em></span> <span class='ocrx_word' id='word_1_71' title='bbox 1013 900 1283 969; x_wconf 83' lang='grc' dir='ltr'><em>ἐποίησεν.</em></span> <span class='ocrx_word' id='word_1_72' title='bbox 1362 900 1483 954; x_wconf 80' lang='grc'><strong>265.</strong></span> <span class='ocrx_word' id='word_1_73' title='bbox 1523 899 1707 954; x_wconf 76' lang='grc' dir='ltr'><em>ἔπειτα</em></span> <span class='ocrx_word' id='word_1_74' title='bbox 1744 900 1836 954; x_wconf 86' lang='grc' dir='ltr'><em>καὶ</em></span> 
     </span>
    </p>

    <p class='ocr_par' dir='ltr' id='par_1_4' title="bbox 60 984 1838 1060">
     <span class='ocr_line' id='line_1_10' title="bbox 60 984 1838 1060; baseline -0.003 -13"><span class='ocrx_word' id='word_1_75' title='bbox 60 1003 102 1046; x_wconf 85' lang='lat' dir='ltr'><strong>R</strong></span> <span class='ocrx_word' id='word_1_76' title='bbox 129 1006 211 1046; x_wconf 82' lang='lat'>158</span> <span class='ocrx_word' id='word_1_77' title='bbox 243 984 313 1056; x_wconf 76' lang='grc' dir='ltr'><em>ἦν</em></span> <span class='ocrx_word' id='word_1_78' title='bbox 351 998 446 1058; x_wconf 81' lang='grc' dir='ltr'><em>τῆς</em></span> <span class='ocrx_word' id='word_1_79' title='bbox 477 989 648 1042; x_wconf 84' lang='grc' dir='ltr'><em>αὑτοῦ</em></span> <span class='ocrx_word' id='word_1_80' title='bbox 685 991 1011 1059; x_wconf 79' lang='grc' dir='ltr'><em>κατηγορίας</em></span> <span class='ocrx_word' id='word_1_81' title='bbox 1046 988 1052 1060; x_wconf 88' lang='grc' dir='ltr'>Ι</span> <span class='ocrx_word' id='word_1_82' title='bbox 1086 993 1408 1059; x_wconf 86' lang='grc' dir='ltr'><em>κατήγορος·</em></span> <span class='ocrx_word' id='word_1_83' title='bbox 1444 989 1588 1043; x_wconf 76' lang='grc' dir='ltr'><em>οὕτω</em></span> <span class='ocrx_word' id='word_1_84' title='bbox 1620 991 1838 1060; x_wconf 90' lang='grc' dir='ltr'><em>σφόδρα</em></span> 
     </span>
    </p>

    <p class='ocr_par' dir='ltr' id='par_1_5' title="bbox 85 1076 1838 1502">
     <span class='ocr_line' id='line_1_11' title="bbox 85 1076 1836 1149; baseline -0.001 -17"><span class='ocrx_word' id='word_1_85' title='bbox 85 1101 128 1132; x_wconf 91' lang='lat'>10</span> <span class='ocrx_word' id='word_1_86' title='bbox 150 1087 269 1140; x_wconf 84' lang='grc' dir='ltr'><em>ταῖς</em></span> <span class='ocrx_word' id='word_1_87' title='bbox 307 1081 558 1131; x_wconf 82' lang='grc' dir='ltr'><em>πίστεσιν</em></span> <span class='ocrx_word' id='word_1_88' title='bbox 597 1081 818 1149; x_wconf 81' lang='grc' dir='ltr'><em>ἔρρωτο.</em></span> <span class='ocrx_word' id='word_1_89' title='bbox 894 1077 988 1131; x_wconf 86' lang='grc' dir='ltr'><em>καὶ</em></span> <span class='ocrx_word' id='word_1_90' title='bbox 1027 1078 1057 1132; x_wconf 88' lang='grc' dir='ltr'>ὁ</span> <span class='ocrx_word' id='word_1_91' title='bbox 1097 1079 1199 1147; x_wconf 80' lang='grc' dir='ltr'><em>μὲν</em></span> <span class='ocrx_word' id='word_1_92' title='bbox 1238 1076 1317 1131; x_wconf 84' lang='grc' dir='ltr'><em>ἐπ’</em></span> <span class='ocrx_word' id='word_1_93' title='bbox 1366 1080 1542 1147; x_wconf 81' lang='grc' dir='ltr'><em>ὄνομα</em></span> <span class='ocrx_word' id='word_1_94' title='bbox 1579 1078 1836 1148; x_wconf 85' lang='grc' dir='ltr'><em>κατέφευ-</em></span> 
     </span>
     <span class='ocr_line' id='line_1_12' title="bbox 147 1165 1834 1237; baseline 0 -17"><span class='ocrx_word' id='word_1_95' title='bbox 147 1187 245 1235; x_wconf 89' lang='grc' dir='ltr'><em>γεν</em></span> <span class='ocrx_word' id='word_1_96' title='bbox 285 1168 580 1237; x_wconf 76' lang='grc' dir='ltr'><em>εἰσφορῶν,</em></span> <span class='ocrx_word' id='word_1_97' title='bbox 621 1166 649 1220; x_wconf 91' lang='grc' dir='ltr'>ὁ</span> <span class='ocrx_word' id='word_1_98' title='bbox 691 1165 742 1219; x_wconf 85' lang='grc' dir='ltr'><em>δ’</em></span> <span class='ocrx_word' id='word_1_99' title='bbox 787 1167 959 1220; x_wconf 88' lang='grc' dir='ltr'><em>αὐτὸν</em></span> <span class='ocrx_word' id='word_1_100' title='bbox 991 1166 1053 1220; x_wconf 83' lang='grc' dir='ltr'><em>ἐν</em></span> <span class='ocrx_word' id='word_1_101' title='bbox 1091 1175 1207 1230; x_wconf 87' lang='grc' dir='ltr'><em>τοῖς</em></span> <span class='ocrx_word' id='word_1_102' title='bbox 1236 1167 1505 1235; x_wconf 86' lang='grc' dir='ltr'><em>βασιλέως</em></span> <span class='ocrx_word' id='word_1_103' title='bbox 1536 1166 1834 1236; x_wconf 86' lang='grc' dir='ltr'><em>ἐγκλήμασι</em></span> 
     </span>
     <span class='ocr_line' id='line_1_13' title="bbox 147 1250 1838 1324; baseline 0.001 -16"><span class='ocrx_word' id='word_1_104' title='bbox 147 1258 383 1324; x_wconf 79' lang='grc' dir='ltr'><em>καθίστη</em></span> <span class='ocrx_word' id='word_1_105' title='bbox 431 1263 633 1309; x_wconf 82' lang='grc' dir='ltr'><em>τοῦτον</em></span> <span class='ocrx_word' id='word_1_106' title='bbox 676 1250 820 1309; x_wconf 81' lang='grc' dir='ltr'><em>εἶναι</em></span> <span class='ocrx_word' id='word_1_107' title='bbox 866 1254 1102 1324; x_wconf 79' lang='grc' dir='ltr'><em>ἐθέλων,</em></span> <span class='ocrx_word' id='word_1_108' title='bbox 1151 1254 1269 1309; x_wconf 84' lang='grc' dir='ltr'><em>ἀλλ’</em></span> <span class='ocrx_word' id='word_1_109' title='bbox 1324 1256 1426 1309; x_wconf 84' lang='grc' dir='ltr'><em>οὐκ</em></span> <span class='ocrx_word' id='word_1_110' title='bbox 1473 1255 1688 1309; x_wconf 81' lang='grc' dir='ltr'><em>ἐκεῖνον</em></span> <span class='ocrx_word' id='word_1_111' title='bbox 1739 1257 1838 1309; x_wconf 92' lang='grc' dir='ltr'><em>τὸν</em></span> 
     </span>
     <span class='ocr_line' id='line_1_14' title="bbox 147 1342 1837 1415; baseline 0.001 -18"><span class='ocrx_word' id='word_1_112' title='bbox 147 1344 395 1413; x_wconf 85' lang='grc' dir='ltr'><em>γέροντα.</em></span> <span class='ocrx_word' id='word_1_113' title='bbox 471 1343 562 1397; x_wconf 84' lang='grc' dir='ltr'><em>καὶ</em></span> <span class='ocrx_word' id='word_1_114' title='bbox 610 1344 804 1398; x_wconf 89' lang='grc' dir='ltr'><em>αὐτίκα</em></span> <span class='ocrx_word' id='word_1_115' title='bbox 851 1345 1140 1415; x_wconf 79' lang='grc' dir='ltr'><em>γράμματα</em></span> <span class='ocrx_word' id='word_1_116' title='bbox 1188 1343 1300 1414; x_wconf 76' lang='grc' dir='ltr'><em>ᾔει,</em></span> <span class='ocrx_word' id='word_1_117' title='bbox 1350 1346 1417 1397; x_wconf 81' lang='grc' dir='ltr'><em>τὰ</em></span> <span class='ocrx_word' id='word_1_118' title='bbox 1465 1342 1566 1414; x_wconf 76' lang='grc' dir='ltr'><em>μὲν</em></span> <span class='ocrx_word' id='word_1_119' title='bbox 1613 1345 1685 1408; x_wconf 82' lang='grc' dir='ltr'><em>ὡς</em></span> <span class='ocrx_word' id='word_1_120' title='bbox 1738 1345 1837 1398; x_wconf 90' lang='grc' dir='ltr'><em>τὸν</em></span> 
     </span>
     <span class='ocr_line' id='line_1_15' title="bbox 148 1431 1827 1502; baseline 0.001 -18"><span class='ocrx_word' id='word_1_121' title='bbox 148 1442 261 1485; x_wconf 84' lang='grc' dir='ltr'><em>τῶν</em></span> <span class='ocrx_word' id='word_1_122' title='bbox 300 1434 445 1486; x_wconf 83' lang='grc' dir='ltr'><em>ὅλων</em></span> <span class='ocrx_word' id='word_1_123' title='bbox 484 1433 706 1501; x_wconf 75' lang='grc' dir='ltr'><em>κύριον,</em></span> <span class='ocrx_word' id='word_1_124' title='bbox 763 1434 830 1485; x_wconf 81' lang='grc' dir='ltr'><em>τὰ</em></span> <span class='ocrx_word' id='word_1_125' title='bbox 870 1434 932 1486; x_wconf 82' lang='grc' dir='ltr'><em>δὲ</em></span> <span class='ocrx_word' id='word_1_126' title='bbox 969 1434 1106 1502; x_wconf 89' lang='grc' dir='ltr'><em>πρὸς</em></span> <span class='ocrx_word' id='word_1_127' title='bbox 1145 1434 1245 1486; x_wconf 92' lang='grc' dir='ltr'><em>τὸν</em></span> <span class='ocrx_word' id='word_1_128' title='bbox 1290 1442 1512 1502; x_wconf 85' lang='grc' dir='ltr'><em>πρῶτον</em></span> <span class='ocrx_word' id='word_1_129' title='bbox 1558 1442 1669 1486; x_wconf 85' lang='grc' dir='ltr'><em>τῶν</em></span> <span class='ocrx_word' id='word_1_130' title='bbox 1714 1431 1827 1499; x_wconf 85' lang='grc' dir='ltr'><em>μετ’</em></span> 
     </span>
    </p>

    <p class='ocr_par' dir='ltr' id='par_1_6' title="bbox 84 1519 1837 1948">
     <span class='ocr_line' id='line_1_16' title="bbox 84 1519 1836 1590; baseline -0.001 -15"><span class='ocrx_word' id='word_1_131' title='bbox 84 1544 125 1576; x_wconf 86' lang='lat'>15</span> <span class='ocrx_word' id='word_1_132' title='bbox 150 1519 380 1589; x_wconf 78' lang='grc' dir='ltr'><em>ἐκεῖνον,</em></span> <span class='ocrx_word' id='word_1_133' title='bbox 427 1522 517 1574; x_wconf 82' lang='grc' dir='ltr'><em>καὶ</em></span> <span class='ocrx_word' id='word_1_134' title='bbox 564 1521 885 1588; x_wconf 85' lang='grc' dir='ltr'><em>ἀνέγνωσάν</em></span> <span class='ocrx_word' id='word_1_135' title='bbox 929 1541 987 1574; x_wconf 85' lang='grc' dir='ltr'><em>τε</em></span> <span class='ocrx_word' id='word_1_136' title='bbox 1035 1522 1198 1590; x_wconf 78' lang='grc' dir='ltr'><em>ἄμφω</em></span> <span class='ocrx_word' id='word_1_137' title='bbox 1245 1522 1312 1574; x_wconf 79' lang='grc' dir='ltr'><em>τὰ</em></span> <span class='ocrx_word' id='word_1_138' title='bbox 1358 1521 1645 1590; x_wconf 77' lang='grc' dir='ltr'><em>γράμματα</em></span> <span class='ocrx_word' id='word_1_139' title='bbox 1682 1539 1836 1574; x_wconf 88' lang='grc' dir='ltr'><em>κατε-</em></span> 
     </span>
     <span class='ocr_line' id='line_1_17' title="bbox 148 1608 1836 1679; baseline 0 -17"><span class='ocrx_word' id='word_1_140' title='bbox 148 1608 384 1678; x_wconf 85' lang='grc' dir='ltr'><em>γέλασάν</em></span> <span class='ocrx_word' id='word_1_141' title='bbox 421 1628 479 1662; x_wconf 90' lang='grc' dir='ltr'><em>τε</em></span> <span class='ocrx_word' id='word_1_142' title='bbox 518 1611 680 1678; x_wconf 81' lang='grc' dir='ltr'><em>ἄμφω</em></span> <span class='ocrx_word' id='word_1_143' title='bbox 719 1617 820 1664; x_wconf 86' lang='grc' dir='ltr'><em>τοῦ</em></span> <span class='ocrx_word' id='word_1_144' title='bbox 859 1611 1071 1679; x_wconf 91' lang='grc' dir='ltr'><em>τρόπου</em></span> <span class='ocrx_word' id='word_1_145' title='bbox 1104 1610 1315 1677; x_wconf 85' lang='grc' dir='ltr'><em>τούμοῦ</em></span> <span class='ocrx_word' id='word_1_146' title='bbox 1348 1611 1451 1678; x_wconf 85' lang='grc' dir='ltr'><em>τὴν</em></span> <span class='ocrx_word' id='word_1_147' title='bbox 1483 1611 1664 1662; x_wconf 85' lang='grc' dir='ltr'><em>αἰτίαν</em></span> <span class='ocrx_word' id='word_1_148' title='bbox 1704 1609 1836 1662; x_wconf 90' lang='grc' dir='ltr'><em>ἀπο-</em></span> 
     </span>
     <span class='ocr_line' id='line_1_18' title="bbox 147 1694 1837 1770; baseline -0.001 -19"><span class='ocrx_word' id='word_1_149' title='bbox 147 1697 506 1768; x_wconf 87' lang='grc' dir='ltr'><em>κρουομένου.</em></span> <span class='ocrx_word' id='word_1_150' title='bbox 569 1705 644 1770; x_wconf 79' lang='grc' dir='ltr'><em>τῷ</em></span> <span class='ocrx_word' id='word_1_151' title='bbox 672 1699 733 1751; x_wconf 84' lang='grc' dir='ltr'><em>δὲ</em></span> <span class='ocrx_word' id='word_1_152' title='bbox 764 1706 927 1751; x_wconf 88' lang='grc' dir='ltr'><em>τοῦτο</em></span> <span class='ocrx_word' id='word_1_153' title='bbox 967 1694 1037 1766; x_wconf 80' lang='grc' dir='ltr'><em>ἧν</em></span> <span class='ocrx_word' id='word_1_154' title='bbox 1076 1699 1221 1766; x_wconf 90' lang='grc' dir='ltr'><em>λύπη</em></span> <span class='ocrx_word' id='word_1_155' title='bbox 1253 1700 1451 1767; x_wconf 83' lang='grc' dir='ltr'><em>μείζων</em></span> <span class='ocrx_word' id='word_1_156' title='bbox 1482 1698 1515 1767; x_wconf 78' lang='grc' dir='ltr'><em>ἢ</em></span> <span class='ocrx_word' id='word_1_157' title='bbox 1547 1699 1598 1750; x_wconf 87' lang='grc' dir='ltr'><em>εἰ</em></span> <span class='ocrx_word' id='word_1_158' title='bbox 1625 1698 1837 1767; x_wconf 80' lang='grc' dir='ltr'><em>νόσημά</em></span> 
     </span>
     <span class='ocr_line' id='line_1_19' title="bbox 148 1786 1837 1857; baseline 0 -19"><span class='ocrx_word' id='word_1_159' title='bbox 148 1805 199 1838; x_wconf 91' lang='grc' dir='ltr'><em>τι</em></span> <span class='ocrx_word' id='word_1_160' title='bbox 237 1795 347 1840; x_wconf 82' lang='grc' dir='ltr'><em>τῶν</em></span> <span class='ocrx_word' id='word_1_161' title='bbox 387 1788 548 1857; x_wconf 83' lang='grc' dir='ltr'><em>ὡρῶν</em></span> <span class='ocrx_word' id='word_1_162' title='bbox 585 1788 680 1849; x_wconf 79' lang='grc' dir='ltr'><em>τὰς</em></span> <span class='ocrx_word' id='word_1_163' title='bbox 721 1786 781 1840; x_wconf 85' lang='grc' dir='ltr'><em>ἐν</em></span> <span class='ocrx_word' id='word_1_164' title='bbox 818 1795 882 1857; x_wconf 76' lang='grc' dir='ltr'><em>τῇ</em></span> <span class='ocrx_word' id='word_1_165' title='bbox 923 1795 990 1857; x_wconf 75' lang='grc' dir='ltr'><em>γῇ</em></span> <span class='ocrx_word' id='word_1_166' title='bbox 1041 1787 1371 1856; x_wconf 78' lang='grc' dir='ltr'><em>διεφθάρκει</em></span> <span class='ocrx_word' id='word_1_167' title='bbox 1419 1789 1638 1856; x_wconf 89' lang='grc' dir='ltr'><em>Τυρίων</em></span> <span class='ocrx_word' id='word_1_168' title='bbox 1677 1791 1837 1839; x_wconf 77' lang='grc' dir='ltr'><em>οἴνου</em></span> 
     </span>
     <span class='ocr_line' id='line_1_20' title="bbox 147 1871 1835 1948; baseline -0.001 -20"><span class='ocrx_word' id='word_1_169' title='bbox 147 1874 379 1945; x_wconf 84' lang='grc' dir='ltr'><em>μητέρας</em></span> <span class='ocrx_word' id='word_1_170' title='bbox 419 1876 575 1948; x_wconf 81' lang='grc' dir='ltr'><em>αὐτῷ.</em></span> <span class='ocrx_word' id='word_1_171' title='bbox 648 1875 769 1928; x_wconf 82' lang='grc'><strong>266.</strong></span> <span class='ocrx_word' id='word_1_172' title='bbox 808 1878 869 1929; x_wconf 92' lang='grc' dir='ltr'><em>τὸ</em></span> <span class='ocrx_word' id='word_1_173' title='bbox 910 1871 1014 1929; x_wconf 83' lang='grc' dir='ltr'><em>οὗν</em></span> <span class='ocrx_word' id='word_1_174' title='bbox 1051 1873 1190 1944; x_wconf 74' lang='grc' dir='ltr'><em>μηδὲ</em></span> <span class='ocrx_word' id='word_1_175' title='bbox 1227 1877 1404 1946; x_wconf 86' lang='grc' dir='ltr'><em>κρίσει</em></span> <span class='ocrx_word' id='word_1_176' title='bbox 1443 1877 1503 1928; x_wconf 90' lang='grc' dir='ltr'><em>τό</em></span> <span class='ocrx_word' id='word_1_177' title='bbox 1545 1895 1607 1943; x_wconf 87' lang='grc' dir='ltr'><em>γε</em></span> <span class='ocrx_word' id='word_1_178' title='bbox 1652 1881 1835 1928; x_wconf 87' lang='grc' dir='ltr'><em>τοιοῦ-</em></span> 
     </span>
    </p>
   </div>
   <div class='ocr_carea' id='block_1_3' title="bbox 150 1981 504 1986">
    <p class='ocr_par' dir='ltr' id='par_1_7' title="bbox 150 1981 504 1986">
     <span class='ocr_line' id='line_1_21' title="bbox 150 1981 504 1986; baseline 0 0"><span class='ocrx_word' id='word_1_179' title='bbox 150 1981 504 1986; x_wconf 95' lang='lat' dir='ltr'><em> </em></span> 
     </span>
    </p>
   </div>
   <div class='ocr_carea' id='block_1_4' title="bbox 152 2035 1774 2151">
    <p class='ocr_par' dir='ltr' id='par_1_8' title="bbox 152 2035 1774 2151">
     <span class='ocr_line' id='line_1_22' title="bbox 152 2035 1774 2138; baseline -0.001 -60"><span class='ocrx_word' id='word_1_180' title='bbox 152 2098 205 2137; x_wconf 71' lang='grc'><em>19</em></span> <span class='ocrx_word' id='word_1_181' title='bbox 268 2040 292 2078; x_wconf 83' lang='grc'>2</span> <span class='ocrx_word' id='word_1_182' title='bbox 324 2035 435 2138; x_wconf 58' lang='grc' dir='ltr'><strong>111.δέ</strong></span> <span class='ocrx_word' id='word_1_183' title='bbox 460 2040 559 2078; x_wconf 86' lang='lat'><strong>474.</strong></span> <span class='ocrx_word' id='word_1_184' title='bbox 591 2038 615 2079; x_wconf 83' lang='grc' dir='ltr'><em>λ</em></span> <span class='ocrx_word' id='word_1_185' title='bbox 639 2040 724 2079; x_wconf 87' lang='grc'><em>416</em></span> <span class='ocrx_word' id='word_1_186' title='bbox 840 2040 894 2079; x_wconf 89' lang='grc'><em>18</em></span> <span class='ocrx_word' id='word_1_187' title='bbox 926 2035 1032 2079; x_wconf 80' lang='lat' dir='ltr'><strong>Eur.</strong></span> <span class='ocrx_word' id='word_1_188' title='bbox 1065 2036 1164 2079; x_wconf 69' lang='lat' dir='ltr'>Ale.</span> <span class='ocrx_word' id='word_1_189' title='bbox 1201 2040 1297 2079; x_wconf 84' lang='lat'><strong>757.</strong></span> <span class='ocrx_word' id='word_1_190' title='bbox 1335 2035 1499 2079; x_wconf 78' lang='lat' dir='ltr'>Aesoh.</span> <span class='ocrx_word' id='word_1_191' title='bbox 1532 2035 1654 2079; x_wconf 80' lang='lat' dir='ltr'>Pers.</span> <span class='ocrx_word' id='word_1_192' title='bbox 1690 2039 1774 2078; x_wconf 81' lang='lat'>612</span> 
     </span>
     <span class='ocr_line' id='line_1_23' title="bbox 239 2108 309 2151; baseline 0 -13"><span class='ocrx_word' id='word_1_193' title='bbox 239 2108 309 2151; x_wconf 86' lang='lat' dir='ltr'><em>ep.</em></span> 
     </span>
    </p>
   </div>
   <div class='ocr_carea' id='block_1_5' title="bbox 153 2188 505 2193">
    <p class='ocr_par' dir='ltr' id='par_1_9' title="bbox 153 2188 505 2193">
     <span class='ocr_line' id='line_1_24' title="bbox 153 2188 505 2193; baseline 0 0"><span class='ocrx_word' id='word_1_194' title='bbox 153 2188 505 2193; x_wconf 95' lang='lat' dir='ltr'><em> </em></span> 
     </span>
    </p>
   </div>
   <div class='ocr_carea' id='block_1_6' title="bbox 151 2240 1835 2945">
    <p class='ocr_par' dir='ltr' id='par_1_10' title="bbox 151 2240 1835 2945">
     <span class='ocr_line' id='line_1_25' title="bbox 271 2240 1833 2302; baseline -0.001 -17"><span class='ocrx_word' id='word_1_195' title='bbox 271 2248 293 2285; x_wconf 96' lang='lat'>1</span> <span class='ocrx_word' id='word_1_196' title='bbox 327 2243 450 2302; x_wconf 79' lang='grc' dir='ltr'><em>αὑτῷ</em></span> <span class='ocrx_word' id='word_1_197' title='bbox 470 2244 512 2286; x_wconf 91' lang='lat' dir='ltr'><strong><em>V</em></strong></span> <span class='ocrx_word' id='word_1_198' title='bbox 633 2247 657 2284; x_wconf 80' lang='lat'><strong>2</strong></span> <span class='ocrx_word' id='word_1_199' title='bbox 690 2240 900 2298; x_wconf 79' lang='grc' dir='ltr'><em>θήγοντα</em></span> <span class='ocrx_word' id='word_1_200' title='bbox 931 2243 977 2285; x_wconf 88' lang='grc' dir='ltr'><strong><em>Β</em></strong></span> <span class='ocrx_word' id='word_1_201' title='bbox 1106 2247 1133 2285; x_wconf 87' lang='grc'>4</span> <span class='ocrx_word' id='word_1_202' title='bbox 1156 2241 1207 2285; x_wconf 89' lang='grc' dir='ltr'><em>τὸ</em></span> <span class='ocrx_word' id='word_1_203' title='bbox 1241 2256 1315 2285; x_wconf 89' lang='grc'><strong>0111</strong></span> <span class='ocrx_word' id='word_1_204' title='bbox 1347 2242 1391 2284; x_wconf 88' lang='lat' dir='ltr'><strong><em>L</em></strong></span> <span class='ocrx_word' id='word_1_205' title='bbox 1531 2246 1556 2284; x_wconf 88' lang='lat'>5</span> <span class='ocrx_word' id='word_1_206' title='bbox 1590 2242 1833 2285; x_wconf 81' lang='grc' dir='ltr'><em>ἐκπεπολε-</em></span> 
     </span>
     <span class='ocr_line' id='line_1_26' title="bbox 152 2300 1773 2358; baseline -0.001 -13"><span class='ocrx_word' id='word_1_207' title='bbox 152 2309 298 2356; x_wconf 87' lang='grc' dir='ltr'><em>μῶσαι</em></span> <span class='ocrx_word' id='word_1_208' title='bbox 323 2301 366 2344; x_wconf 89' lang='lat' dir='ltr'><strong><em>L</em></strong></span> <span class='ocrx_word' id='word_1_209' title='bbox 427 2302 739 2357; x_wconf 83' lang='grc' dir='ltr'><em>ἐκπολεμῶσαι</em></span> <span class='ocrx_word' id='word_1_210' title='bbox 769 2302 837 2344; x_wconf 84' lang='lat' dir='ltr'><em>Re</em></span> <span class='ocrx_word' id='word_1_211' title='bbox 861 2301 999 2344; x_wconf 88' lang='lat' dir='ltr'><strong>Anim</strong></span> <span class='ocrx_word' id='word_1_212' title='bbox 1026 2300 1032 2358; x_wconf 82' lang='grc' dir='ltr'>Ι</span> <span class='ocrx_word' id='word_1_213' title='bbox 1061 2302 1140 2344; x_wconf 87' lang='grc' dir='ltr'><em>καὶ</em></span> <span class='ocrx_word' id='word_1_214' title='bbox 1171 2315 1247 2344; x_wconf 86' lang='lat' dir='ltr'><em>om</em></span> <span class='ocrx_word' id='word_1_215' title='bbox 1271 2302 1314 2344; x_wconf 92' lang='lat' dir='ltr'><strong><em>L</em></strong></span> <span class='ocrx_word' id='word_1_216' title='bbox 1407 2305 1431 2344; x_wconf 87' lang='lat'>6</span> <span class='ocrx_word' id='word_1_217' title='bbox 1467 2301 1610 2344; x_wconf 82' lang='grc' dir='ltr'><em>αὐτοῦ</em></span> <span class='ocrx_word' id='word_1_218' title='bbox 1636 2301 1773 2344; x_wconf 90' lang='lat' dir='ltr'><em>BVL</em></span> 
     </span>
     <span class='ocr_line' id='line_1_27' title="bbox 154 2358 1773 2418; baseline -0.001 -16"><span class='ocrx_word' id='word_1_219' title='bbox 154 2364 176 2402; x_wconf 89' lang='lat'><strong>7</strong></span> <span class='ocrx_word' id='word_1_220' title='bbox 210 2366 387 2416; x_wconf 85' lang='grc' dir='ltr'><em>τρυφῆς</em></span> <span class='ocrx_word' id='word_1_221' title='bbox 417 2362 461 2404; x_wconf 88' lang='lat' dir='ltr'><strong><em>L</em></strong></span> <span class='ocrx_word' id='word_1_222' title='bbox 563 2365 589 2403; x_wconf 87' lang='grc'>8</span> <span class='ocrx_word' id='word_1_223' title='bbox 621 2358 661 2402; x_wconf 86' lang='grc' dir='ltr'><em>τ’</em></span> <span class='ocrx_word' id='word_1_224' title='bbox 691 2361 829 2404; x_wconf 88' lang='lat' dir='ltr'><em>BVL</em></span> <span class='ocrx_word' id='word_1_225' title='bbox 864 2361 869 2418; x_wconf 85' lang='grc' dir='ltr'>Ι</span> <span class='ocrx_word' id='word_1_226' title='bbox 912 2360 992 2403; x_wconf 88' lang='grc' dir='ltr'><em>καὶ</em></span> <span class='ocrx_word' id='word_1_227' title='bbox 1023 2375 1099 2403; x_wconf 89' lang='grc'><strong>0111</strong></span> <span class='ocrx_word' id='word_1_228' title='bbox 1124 2360 1206 2403; x_wconf 90' lang='lat' dir='ltr'><em>VL</em></span> <span class='ocrx_word' id='word_1_229' title='bbox 1308 2364 1333 2403; x_wconf 90' lang='grc'><strong>9</strong></span> <span class='ocrx_word' id='word_1_230' title='bbox 1367 2360 1510 2403; x_wconf 81' lang='grc' dir='ltr'><em>αὐτοῦ</em></span> <span class='ocrx_word' id='word_1_231' title='bbox 1541 2359 1650 2402; x_wconf 86' lang='lat' dir='ltr'>libri</span> <span class='ocrx_word' id='word_1_232' title='bbox 1683 2358 1773 2401; x_wconf 83' lang='lat' dir='ltr'><em>edd</em></span> 
     </span>
     <span class='ocr_line' id='line_1_28' title="bbox 155 2417 1835 2476; baseline -0.001 -14"><span class='ocrx_word' id='word_1_233' title='bbox 155 2423 208 2462; x_wconf 91' lang='grc'><em>10</em></span> <span class='ocrx_word' id='word_1_234' title='bbox 241 2419 409 2474; x_wconf 72' lang='grc' dir='ltr'><em>ἔρρωτο</em></span> <span class='ocrx_word' id='word_1_235' title='bbox 440 2434 504 2472; x_wconf 83' lang='lat' dir='ltr'><em>,‚c.</em></span> <span class='ocrx_word' id='word_1_236' title='bbox 533 2421 650 2464; x_wconf 85' lang='lat' dir='ltr'><strong><em>Ro.“</em></strong></span> <span class='ocrx_word' id='word_1_237' title='bbox 678 2419 789 2462; x_wconf 82' lang='lat' dir='ltr'><strong>Fen·</strong></span> <span class='ocrx_word' id='word_1_238' title='bbox 811 2419 859 2462; x_wconf 89' lang='lat' dir='ltr'><em>in</em></span> <span class='ocrx_word' id='word_1_239' title='bbox 892 2432 1025 2476; x_wconf 83' lang='lat' dir='ltr'>marg</span> <span class='ocrx_word' id='word_1_240' title='bbox 1064 2421 1110 2462; x_wconf 72' lang='lat' dir='ltr'><em>et</em></span> <span class='ocrx_word' id='word_1_241' title='bbox 1142 2419 1246 2462; x_wconf 81' lang='lat' dir='ltr'>coni</span> <span class='ocrx_word' id='word_1_242' title='bbox 1277 2418 1379 2462; x_wconf 89' lang='lat' dir='ltr'><em>Mor</em></span> <span class='ocrx_word' id='word_1_243' title='bbox 1470 2418 1600 2473; x_wconf 77' lang='grc' dir='ltr'><em>ἔρωτι</em></span> <span class='ocrx_word' id='word_1_244' title='bbox 1638 2417 1749 2460; x_wconf 84' lang='lat' dir='ltr'>Ferr</span> <span class='ocrx_word' id='word_1_245' title='bbox 1787 2418 1835 2460; x_wconf 75' lang='lat' dir='ltr'><em>et</em></span> 
     </span>
     <span class='ocr_line' id='line_1_29' title="bbox 151 2474 1832 2535; baseline -0.001 -15"><span class='ocrx_word' id='word_1_246' title='bbox 151 2478 253 2520; x_wconf 87' lang='lat' dir='ltr'><em>Mor</em></span> <span class='ocrx_word' id='word_1_247' title='bbox 282 2478 330 2520; x_wconf 89' lang='lat' dir='ltr'><em>in</em></span> <span class='ocrx_word' id='word_1_248' title='bbox 362 2479 492 2521; x_wconf 71' lang='lat' dir='ltr'><strong>textu</strong></span> <span class='ocrx_word' id='word_1_249' title='bbox 595 2482 646 2521; x_wconf 95' lang='lat'><em>11</em></span> <span class='ocrx_word' id='word_1_250' title='bbox 683 2475 754 2521; x_wconf 80' lang='grc' dir='ltr'><em>ὅδ’</em></span> <span class='ocrx_word' id='word_1_251' title='bbox 783 2478 922 2522; x_wconf 90' lang='lat' dir='ltr'><em>BVL</em></span> <span class='ocrx_word' id='word_1_252' title='bbox 1027 2483 1078 2521; x_wconf 81' lang='lat'>12</span> <span class='ocrx_word' id='word_1_253' title='bbox 1113 2477 1372 2535; x_wconf 80' lang='grc' dir='ltr'><em>κατήγορον</em></span> <span class='ocrx_word' id='word_1_254' title='bbox 1404 2479 1513 2520; x_wconf 72' lang='lat' dir='ltr'>ante</span> <span class='ocrx_word' id='word_1_255' title='bbox 1545 2474 1722 2520; x_wconf 77' lang='grc' dir='ltr'><em>ἐθέλων</em></span> <span class='ocrx_word' id='word_1_256' title='bbox 1754 2489 1832 2519; x_wconf 81' lang='lat' dir='ltr'><em>ex-</em></span> 
     </span>
     <span class='ocr_line' id='line_1_30' title="bbox 154 2531 1833 2593; baseline -0.001 -14"><span class='ocrx_word' id='word_1_257' title='bbox 154 2536 321 2580; x_wconf 75' lang='lat' dir='ltr'>cidisse</span> <span class='ocrx_word' id='word_1_258' title='bbox 358 2539 494 2592; x_wconf 78' lang='lat' dir='ltr'>put0‚</span> <span class='ocrx_word' id='word_1_259' title='bbox 535 2537 635 2593; x_wconf 81' lang='grc' dir='ltr'><em>ἐμοὶ</em></span> <span class='ocrx_word' id='word_1_260' title='bbox 677 2535 894 2593; x_wconf 83' lang='grc' dir='ltr'><em>πολέμιον</em></span> <span class='ocrx_word' id='word_1_261' title='bbox 926 2537 1014 2591; x_wconf 79' lang='lat' dir='ltr'><em>Re,</em></span> <span class='ocrx_word' id='word_1_262' title='bbox 1055 2537 1239 2592; x_wconf 82' lang='grc' dir='ltr'><em>ἐφεῖναι</em></span> <span class='ocrx_word' id='word_1_263' title='bbox 1280 2536 1351 2580; x_wconf 86' lang='lat' dir='ltr'><em>vel</em></span> <span class='ocrx_word' id='word_1_264' title='bbox 1384 2536 1555 2580; x_wconf 83' lang='grc' dir='ltr'><em>ἐνεῖναι</em></span> <span class='ocrx_word' id='word_1_265' title='bbox 1589 2548 1674 2591; x_wconf 89' lang='lat' dir='ltr'><em>pro</em></span> <span class='ocrx_word' id='word_1_266' title='bbox 1710 2531 1833 2579; x_wconf 84' lang='grc' dir='ltr'><em>εἶναι</em></span> 
     </span>
     <span class='ocr_line' id='line_1_31' title="bbox 154 2594 1834 2652; baseline -0.001 -13"><span class='ocrx_word' id='word_1_267' title='bbox 154 2595 258 2639; x_wconf 85' lang='lat' dir='ltr'>coni</span> <span class='ocrx_word' id='word_1_268' title='bbox 288 2595 558 2638; x_wconf 78' lang='lat' dir='ltr'>MSehmidt</span> <span class='ocrx_word' id='word_1_269' title='bbox 588 2595 753 2639; x_wconf 83' lang='lat' dir='ltr'>Philol.</span> <span class='ocrx_word' id='word_1_270' title='bbox 785 2596 827 2638; x_wconf 92' lang='lat' dir='ltr'>X</span> <span class='ocrx_word' id='word_1_271' title='bbox 859 2600 943 2639; x_wconf 89' lang='grc'><em>613</em></span> <span class='ocrx_word' id='word_1_272' title='bbox 987 2599 992 2652; x_wconf 86' lang='grc' dir='ltr'>Ι</span> <span class='ocrx_word' id='word_1_273' title='bbox 1034 2594 1185 2640; x_wconf 80' lang='grc' dir='ltr'><em>θέλων</em></span> <span class='ocrx_word' id='word_1_274' title='bbox 1210 2597 1254 2639; x_wconf 93' lang='lat' dir='ltr'><strong><em>L</em></strong></span> <span class='ocrx_word' id='word_1_275' title='bbox 1376 2599 1429 2637; x_wconf 89' lang='lat'><em>14</em></span> <span class='ocrx_word' id='word_1_276' title='bbox 1459 2594 1594 2651; x_wconf 60' lang='grc' dir='ltr'><em>προς]</em></span> <span class='ocrx_word' id='word_1_277' title='bbox 1628 2594 1688 2644; x_wconf 84' lang='grc' dir='ltr'><em>ὡς</em></span> <span class='ocrx_word' id='word_1_278' title='bbox 1717 2594 1834 2650; x_wconf 87' lang='grc' dir='ltr'><em>πρὸς</em></span> 
     </span>
     <span class='ocr_line' id='line_1_32' title="bbox 154 2653 1832 2711; baseline -0.002 -13"><span class='ocrx_word' id='word_1_279' title='bbox 154 2654 327 2698; x_wconf 82' lang='lat' dir='ltr'><em>AGPB</em></span> <span class='ocrx_word' id='word_1_280' title='bbox 359 2654 450 2697; x_wconf 81' lang='lat' dir='ltr'><em>edd</em></span> <span class='ocrx_word' id='word_1_281' title='bbox 481 2655 542 2704; x_wconf 85' lang='grc' dir='ltr'><em>ὡς</em></span> <span class='ocrx_word' id='word_1_282' title='bbox 574 2655 656 2698; x_wconf 91' lang='lat' dir='ltr'><em>VL</em></span> <span class='ocrx_word' id='word_1_283' title='bbox 683 2655 688 2711; x_wconf 90' lang='grc'><strong>1</strong></span> <span class='ocrx_word' id='word_1_284' title='bbox 715 2662 806 2698; x_wconf 87' lang='grc' dir='ltr'><em>τῶν</em></span> <span class='ocrx_word' id='word_1_285' title='bbox 836 2654 1010 2698; x_wconf 83' lang='lat' dir='ltr'>inserui</span> <span class='ocrx_word' id='word_1_286' title='bbox 1041 2667 1097 2698; x_wconf 79' lang='lat' dir='ltr'><em>ex</em></span> <span class='ocrx_word' id='word_1_287' title='bbox 1120 2655 1166 2698; x_wconf 84' lang='lat' dir='ltr'><strong><em>A</em></strong></span> <span class='ocrx_word' id='word_1_288' title='bbox 1190 2656 1237 2697; x_wconf 67' lang='lat' dir='ltr'><em>eb</em></span> <span class='ocrx_word' id='word_1_289' title='bbox 1260 2656 1315 2709; x_wconf 86' lang='lat' dir='ltr'><em>P,</em></span> <span class='ocrx_word' id='word_1_290' title='bbox 1347 2653 1396 2696; x_wconf 89' lang='lat' dir='ltr'><em>in</em></span> <span class='ocrx_word' id='word_1_291' title='bbox 1428 2667 1518 2708; x_wconf 91' lang='lat' dir='ltr'><em>quo</em></span> <span class='ocrx_word' id='word_1_292' title='bbox 1546 2653 1615 2696; x_wconf 81' lang='lat' dir='ltr'><em>m³</em></span> <span class='ocrx_word' id='word_1_293' title='bbox 1640 2653 1832 2696; x_wconf 83' lang='lat' dir='ltr'><strong>eircum-</strong></span> 
     </span>
     <span class='ocr_line' id='line_1_33' title="bbox 154 2711 1832 2770; baseline 0 -14"><span class='ocrx_word' id='word_1_294' title='bbox 154 2714 378 2770; x_wconf 76' lang='lat' dir='ltr'>punctum</span> <span class='ocrx_word' id='word_1_295' title='bbox 438 2713 519 2756; x_wconf 87' lang='grc' dir='ltr'><em>τὸν</em></span> <span class='ocrx_word' id='word_1_296' title='bbox 539 2714 620 2757; x_wconf 91' lang='lat' dir='ltr'><em>VL</em></span> <span class='ocrx_word' id='word_1_297' title='bbox 675 2727 750 2756; x_wconf 87' lang='lat' dir='ltr'><em>om</em></span> <span class='ocrx_word' id='word_1_298' title='bbox 769 2714 849 2757; x_wconf 82' lang='lat' dir='ltr'><em>CB</em></span> <span class='ocrx_word' id='word_1_299' title='bbox 882 2714 972 2756; x_wconf 85' lang='lat' dir='ltr'><em>edd</em></span> <span class='ocrx_word' id='word_1_300' title='bbox 1050 2718 1103 2757; x_wconf 89' lang='lat'><em>15</em></span> <span class='ocrx_word' id='word_1_301' title='bbox 1128 2712 1396 2770; x_wconf 81' lang='grc' dir='ltr'><em>ἀνέγνωσαν</em></span> <span class='ocrx_word' id='word_1_302' title='bbox 1429 2711 1532 2755; x_wconf 84' lang='lat' dir='ltr'>coni</span> <span class='ocrx_word' id='word_1_303' title='bbox 1563 2712 1631 2755; x_wconf 84' lang='lat' dir='ltr'><em>Re</em></span> <span class='ocrx_word' id='word_1_304' title='bbox 1694 2712 1832 2769; x_wconf 77' lang='grc' dir='ltr'><em>ἔγνω-</em></span> 
     </span>
     <span class='ocr_line' id='line_1_34' title="bbox 155 2771 1771 2829; baseline -0.001 -14"><span class='ocrx_word' id='word_1_305' title='bbox 155 2786 241 2816; x_wconf 84' lang='grc' dir='ltr'><em>σαν</em></span> <span class='ocrx_word' id='word_1_306' title='bbox 271 2771 380 2815; x_wconf 84' lang='lat' dir='ltr'>libri</span> <span class='ocrx_word' id='word_1_307' title='bbox 412 2771 502 2816; x_wconf 84' lang='lat' dir='ltr'><em>edd</em></span> <span class='ocrx_word' id='word_1_308' title='bbox 541 2774 546 2827; x_wconf 80' lang='grc' dir='ltr'>Ι</span> <span class='ocrx_word' id='word_1_309' title='bbox 589 2772 669 2815; x_wconf 80' lang='grc' dir='ltr'><em>καὶ</em></span> <span class='ocrx_word' id='word_1_310' title='bbox 699 2771 1007 2829; x_wconf 80' lang='grc' dir='ltr'><em>κατεγέλασάν</em></span> <span class='ocrx_word' id='word_1_311' title='bbox 1046 2787 1093 2815; x_wconf 87' lang='grc' dir='ltr'><em>τε</em></span> <span class='ocrx_word' id='word_1_312' title='bbox 1124 2773 1168 2816; x_wconf 95' lang='lat' dir='ltr'><strong><em>L</em></strong></span> <span class='ocrx_word' id='word_1_313' title='bbox 1321 2775 1374 2814; x_wconf 92' lang='grc'><strong>16</strong></span> <span class='ocrx_word' id='word_1_314' title='bbox 1413 2785 1524 2814; x_wconf 86' lang='lat' dir='ltr'><em>num</em></span> <span class='ocrx_word' id='word_1_315' title='bbox 1562 2771 1623 2820; x_wconf 84' lang='grc' dir='ltr'><em>ὡς</em></span> <span class='ocrx_word' id='word_1_316' title='bbox 1659 2777 1771 2815; x_wconf 72' lang='grc' dir='ltr'><em>τοῦὶ)</em></span> 
     </span>
     <span class='ocr_line' id='line_1_35' title="bbox 158 2828 1832 2887; baseline -0.001 -14"><span class='ocrx_word' id='word_1_317' title='bbox 158 2835 210 2873; x_wconf 88' lang='lat'><em>17</em></span> <span class='ocrx_word' id='word_1_318' title='bbox 244 2830 422 2887; x_wconf 79' lang='grc' dir='ltr'><em>νόσημά</em></span> <span class='ocrx_word' id='word_1_319' title='bbox 452 2847 497 2874; x_wconf 91' lang='grc' dir='ltr'><em>τι</em></span> <span class='ocrx_word' id='word_1_320' title='bbox 520 2844 620 2874; x_wconf 84' lang='lat' dir='ltr'>corr</span> <span class='ocrx_word' id='word_1_321' title='bbox 644 2843 669 2873; x_wconf 82' lang='lat' dir='ltr'>e</span> <span class='ocrx_word' id='word_1_322' title='bbox 692 2830 915 2886; x_wconf 86' lang='grc' dir='ltr'><em>νοσήματι</em></span> <span class='ocrx_word' id='word_1_323' title='bbox 937 2832 983 2874; x_wconf 88' lang='lat' dir='ltr'><strong><em>A</em></strong></span> <span class='ocrx_word' id='word_1_324' title='bbox 1036 2829 1258 2886; x_wconf 86' lang='grc' dir='ltr'><em>νοσήματι</em></span> <span class='ocrx_word' id='word_1_325' title='bbox 1282 2830 1326 2873; x_wconf 91' lang='lat' dir='ltr'><strong><em>L</em></strong></span> <span class='ocrx_word' id='word_1_326' title='bbox 1413 2834 1467 2873; x_wconf 88' lang='grc'><em>18</em></span> <span class='ocrx_word' id='word_1_327' title='bbox 1504 2828 1653 2885; x_wconf 81' lang='grc' dir='ltr'><em>ἀέρων</em></span> <span class='ocrx_word' id='word_1_328' title='bbox 1687 2829 1832 2874; x_wconf 74' lang='lat' dir='ltr'>Cobet</span> 
     </span>
     <span class='ocr_line' id='line_1_36' title="bbox 155 2886 1830 2945; baseline 0 -13"><span class='ocrx_word' id='word_1_329' title='bbox 155 2890 322 2932; x_wconf 80' lang='lat' dir='ltr'><strong>Mnem.</strong></span> <span class='ocrx_word' id='word_1_330' title='bbox 355 2889 418 2932; x_wconf 86' lang='lat' dir='ltr'><em>III</em></span> <span class='ocrx_word' id='word_1_331' title='bbox 449 2894 548 2943; x_wconf 82' lang='lat'>253,</span> <span class='ocrx_word' id='word_1_332' title='bbox 590 2891 638 2932; x_wconf 73' lang='lat' dir='ltr'><em>at</em></span> <span class='ocrx_word' id='word_1_333' title='bbox 670 2888 727 2933; x_wconf 87' lang='lat' dir='ltr'><em>cf.</em></span> <span class='ocrx_word' id='word_1_334' title='bbox 759 2890 780 2932; x_wconf 95' lang='lat' dir='ltr'>I</span> <span class='ocrx_word' id='word_1_335' title='bbox 813 2894 911 2943; x_wconf 82' lang='lat'>280,</span> <span class='ocrx_word' id='word_1_336' title='bbox 943 2895 991 2945; x_wconf 81' lang='lat'><em>43</em></span> <span class='ocrx_word' id='word_1_337' title='bbox 1027 2894 1072 2944; x_wconf 83' lang='lat'><em>73</em></span> <span class='ocrx_word' id='word_1_338' title='bbox 1109 2893 1183 2945; x_wconf 77' lang='lat'>133</span> <span class='ocrx_word' id='word_1_339' title='bbox 1218 2894 1318 2944; x_wconf 82' lang='lat'>621,</span> <span class='ocrx_word' id='word_1_340' title='bbox 1344 2893 1397 2932; x_wconf 89' lang='lat'><em>15</em></span> <span class='ocrx_word' id='word_1_341' title='bbox 1422 2889 1463 2932; x_wconf 87' lang='lat' dir='ltr'>R</span> <span class='ocrx_word' id='word_1_342' title='bbox 1608 2893 1659 2932; x_wconf 88' lang='grc'><em>19</em></span> <span class='ocrx_word' id='word_1_343' title='bbox 1699 2886 1830 2945; x_wconf 86' lang='grc' dir='ltr'><em>μητέ-</em></span> 
     </span>
    </p>
   </div>
   <div class='ocr_carea' id='block_1_7' title="bbox 156 2949 711 3005">
    <p class='ocr_par' dir='ltr' id='par_1_11' title="bbox 156 2949 711 3005">
     <span class='ocr_line' id='line_1_37' title="bbox 156 2949 711 3005; baseline 0 -13"><span class='ocrx_word' id='word_1_344' title='bbox 156 2965 240 3003; x_wconf 85' lang='grc' dir='ltr'><em>ρας</em></span> <span class='ocrx_word' id='word_1_345' title='bbox 270 2963 370 2992; x_wconf 83' lang='lat' dir='ltr'>corr</span> <span class='ocrx_word' id='word_1_346' title='bbox 401 2962 425 2992; x_wconf 81' lang='lat' dir='ltr'>e</span> <span class='ocrx_word' id='word_1_347' title='bbox 457 2949 625 3005; x_wconf 87' lang='grc' dir='ltr'><em>μητρὸς</em></span> <span class='ocrx_word' id='word_1_348' title='bbox 654 2949 711 2992; x_wconf 79' lang='lat'><em>0⁸</em></span> 
     </span>
    </p>
   </div>
  </div>
 </body>
</html>
