2026 3168
162 160 234 213 54
711 159 937 204 LIBANII
969 158 1309 204 ORATIONES

161 297 241 349 ἐπὶ
279 303 381 360 ταῖς
421 300 702 365 διαλλαγαῖς
741 300 766 347 Ι
801 300 921 360 653,
953 301 987 346 4
1018 300 1062 346 R
1102 301 1152 347 et
1182 299 1362 347 desinit
1391 298 1508 366 πρὶν
1539 292 1690 359 αὖθις
1721 300 1844 366 εἴχο-

161 391 251 438 μεν
295 374 360 422 ib.
403 375 523 435 656,
565 374 611 421 8.
677 369 948 421 ’Perierunt
995 373 1118 421 folia
1166 375 1275 422 octo
1327 390 1452 436 quae
1502 374 1648 422 finem
1697 375 1842 424 huius

162 449 212 495 et
249 448 451 496 initium
483 447 720 495 orationis
751 446 874 512 πρὸς
905 445 1179 512 Καισάριον
1211 448 1541 508 continebant,
1582 449 1665 496 sed
1695 449 1846 511 periit

162 522 313 570 etiam
350 521 549 568 initium
587 521 766 570 codicis
814 537 910 584 quo
951 522 1110 569 oratio
1150 519 1272 586 πρὸς
1317 521 1580 571 Θεοδόσιον
1611 520 1720 588 περὶ
1758 529 1845 587 τῆς

161 594 371 653 στάσεως
411 595 765 643 continebatur.

273 669 469 717 Folium
503 669 633 717 enim
667 671 695 716 2
732 662 957 735 (numero
990 670 1185 716 vetusto
1222 670 1290 717 10
1321 663 1636 736 insignitum)
1669 670 1846 732 incipit

162 758 190 789 a
214 742 374 791 verbis
406 741 475 802 εἰς
506 741 669 806 λύπην
701 741 997 809 προσόμοιος
1028 742 1058 789 i.
1085 759 1123 790 e.
1157 741 1279 808 πρὸς
1302 741 1575 808 Καισάριον
1599 744 1624 790 Ι
1651 745 1770 805 682,
1798 746 1843 791 6.

269 816 374 865 Fol.
417 818 446 865 6
495 815 565 876 εἰς
612 814 870 881 ἐλλέβιχον,
921 816 1057 865 cuius
1107 818 1160 864 in
1205 816 1300 863 fine
1348 817 1430 864 fol.
1475 819 1567 864 12v
1612 819 1846 881 leguntur

160 905 332 938 versus

425 963 571 1028 λείβει
609 963 813 1028 λιβάδας
850 963 1070 1028 λιβάνιος
1109 970 1205 1012 τῶν
1243 963 1401 1029 λόγων

427 1037 585 1102 χύδην
631 1038 824 1097 ὃιειδεῖς
861 1036 953 1101 τὴν
991 1037 1134 1088 πόλιν
1175 1077 1368 1086 ......
1382 1031 1422 1104 ¹)

273 1110 506 1174 Sequitur
546 1112 716 1160 eodem
746 1112 866 1161 folio
906 1109 1016 1178 περὶ
1046 1118 1143 1160 τῶν
1175 1110 1228 1160 ἐν
1259 1115 1363 1170 ταῖς
1393 1110 1581 1177 ἑορταῖς
1612 1111 1842 1176 κλήσεων.

160 1185 297 1233 Inter
327 1185 502 1234 folium
537 1187 603 1234 15
639 1179 912 1253 (vetustum
946 1179 1038 1252 23)
1072 1188 1122 1234 et
1157 1188 1221 1233 16
1257 1179 1533 1252 (vetustum
1567 1180 1659 1252 25)
1691 1203 1846 1235 unum

161 1259 338 1308 folium
377 1252 497 1326 (24)
539 1260 740 1321 excidit,
794 1275 891 1322 quo
930 1275 1045 1322 pars
1083 1260 1228 1307 huius
1269 1260 1509 1308 orationis
1546 1260 1661 1308 inde
1701 1276 1730 1308 a
1768 1279 1845 1326 γε-

159 1332 363 1398 γόνασιν
396 1327 498 1400 (ΠΙ
533 1336 652 1395 120,
687 1327 742 1400 5)
783 1350 938 1396 usque
979 1334 1041 1382 ad
1080 1331 1374 1383 ἀσθενοῦντι
1414 1327 1561 1400 (122,
1597 1327 1690 1401 14)
1730 1350 1846 1383 con—

159 1407 425 1455 tinebatur.

185 1519 190 1522 .
272 1482 376 1530 Fol.
414 1482 508 1529 16V
553 1479 675 1548 πρὸς
713 1480 981 1530 εὐστάθιον
1019 1479 1128 1548 περὶ
1166 1488 1263 1530 τῶν
1300 1488 1454 1545 τιμῶν
1500 1481 1682 1530 desinit
1726 1497 1844 1530 voce

161 1557 344 1618 μᾶλλον
393 1549 493 1620 (ΙΠ
536 1557 657 1618 126,
699 1549 768 1622 1).
853 1555 1052 1604 Folium
1094 1559 1158 1604 17
1211 1550 1489 1623 (vetustum
1531 1548 1623 1622 29)
1669 1555 1846 1617 incipit

159 1629 360 1678 vocibus
401 1625 575 1693 ὀσμαῖς
614 1627 925 1679 ἀπόλλυσθαι
964 1623 1065 1696 (ΙΠ
1100 1631 1220 1693 140,
1256 1623 1325 1696 6).
1396 1630 1654 1678 Perierunt
1691 1629 1846 1693 igitur

159 1704 259 1751 tria
298 1703 419 1754 folia
460 1696 728 1770 (26—28)
778 1703 954 1766 quibus
1002 1719 1127 1766 quae
1175 1703 1338 1752 media
1384 1703 1513 1751 inter
1562 1703 1681 1751 haec
1732 1705 1845 1750 sunt

161 1776 554 1827 continebantur.

270 1851 468 1906 Folium
509 1852 605 1900 23v
645 1845 917 1917 (vetustum
957 1844 1052 1916 35)
1093 1851 1273 1899 desinit
1311 1851 1471 1900 verbis
1519 1850 1744 1916 πράττειν
1784 1849 1843 1899 οὐ

159 1922 314 1973 κακὸν
365 1922 596 1988 μέλλοντα
648 1919 747 1992 (ΙΠ
790 1926 916 1986 174,
958 1918 1038 1991 6),
1092 1925 1268 1973 folium
1318 1927 1383 1973 24
1434 1918 1709 1991 (vetustum
1750 1917 1842 1990 37)
1932 1958 1934 1960 ψ

159 1998 336 2060 incipit
364 1998 535 2047 ¹verbis
575 1996 714 2047 οὔπω
752 2005 895 2062 τιμῆς
939 1992 1039 2065 (ΠΙ
1082 2000 1201 2060 181,
1237 1992 1306 2065 7).
1383 1999 1540 2047 Periit
1578 1999 1733 2061 igitur
1770 1999 1843 2046 fo-

156 2072 280 2119 lium
319 2065 439 2139 (36)
480 2072 611 2134 quod
648 2090 700 2137 γε
743 2071 877 2121 λύειν
917 2066 1017 2139 (ΠΙ
1059 2074 1185 2133 174,
1229 2067 1284 2139 6)
1324 2088 1480 2134 usque
1521 2073 1583 2121 ad
1622 2069 1843 2137 πραχθὲν

161 2142 213 2194 δὲ
246 2138 392 2212 (181,
427 2139 481 2212 7)
515 2146 811 2194 continebat.
884 2144 1055 2194 Oratio
1090 2146 1270 2194 desinit
1301 2147 1353 2194 in
1385 2147 1505 2195 folio
1541 2148 1634 2193 24v
1664 2145 1841 2193 ultimo

159 2219 401 2267 vocabulo
440 2223 721 2286 πεπρᾶχθαι
761 2214 861 2286 (ΙΠ
902 2221 1021 2280 184,
1063 2213 1132 2286 7).

273 2293 549 2341 Succedunt
586 2293 734 2341 titulo
782 2294 952 2355 privae
1002 2295 1249 2342 orationes
1292 2292 1413 2359 πρὸς
1447 2288 1753 2351 Ἀναξέντιον
1793 2294 1843 2339 et

162 2366 248 2421 fol.
282 2367 377 2415 30v
413 2365 536 2415 κατὰ
567 2370 873 2428 Λουκιανοῦ,
913 2382 1038 2429 quae
1078 2368 1198 2416 folio
1232 2369 1327 2416 33v
1365 2361 1584 2433 (vetusto
1626 2358 1720 2432 46)
1761 2366 1841 2413 de-

162 2439 282 2487 sinit
322 2440 484 2488 verbis
523 2447 824 2507 στρατιωτῶν
862 2458 910 2489 τε
949 2435 1050 2507 (ΙΠ
1085 2443 1206 2503 220,
1240 2434 1309 2507 8).

271 2513 468 2561 Folium
509 2515 577 2562 34
630 2508 906 2580 (vetustum
953 2507 1048 2580 48)
1099 2514 1275 2576 incipit
1324 2513 1486 2561 verbis
1535 2511 1593 2560 τὰ
1644 2510 1695 2561 δὲ
1745 2519 1841 2560 τῶν

160 2583 440 2651 ἔμπροσθεν
473 2581 573 2653 (ΠΙ
606 2589 726 2648 224,
763 2581 869 2653 16).
940 2587 1095 2636 Periit
1131 2588 1285 2651 igitur
1315 2594 1467 2634 unum
1482 2587 1673 2639 {olium
1705 2579 1839 2652 (47).

164 2656 335 2707 Oratio
369 2659 548 2708 desinit
585 2661 636 2707 in
676 2660 797 2709 folio
832 2662 926 2708 34v
962 2661 1138 2708 ultimo
1177 2660 1418 2709 vocabulo
1457 2657 1702 2723 ἀμύνουσι
1741 2654 1842 2726 (ΙΙΙ

281 2905 323 2958 1)
363 2901 566 2946 Ultimae
600 2903 719 2946 duae
750 2915 883 2946 voces
915 2916 1037 2946 nunc
1069 2901 1243 2945 oblitae
1283 2903 1410 2955 sunt3
1458 2902 1678 2946 Mor-ellus
1723 2902 1837 2958 (Lib.

160 2962 193 3005 t.
218 2959 261 3003 Π
291 2977 334 3018 p.
363 2963 465 3018 537)
495 2961 581 3005 has
615 2974 799 3017 quoque
831 2960 979 3013 κάζων
1011 2961 1149 3018 (male
1180 2974 1264 3017 pro
1297 2960 1488 3017 κλάζων)
1521 2961 1600 3017 ἑὴν
1631 2961 1838 3017 praebet.
