2026 3168
663 187 890 232 LIBANII
921 186 1262 232 ORATIONES
1702 187 1728 238 1
1739 187 1764 238 1
1774 187 1803 238 7

128 322 334 377 εἰδέναι
373 323 474 376 οὐκ
504 319 591 392 ἦν,
623 322 757 394 πρὶν
789 325 858 393 δή
887 344 968 386 τις
998 332 1110 376 τῶν
1139 322 1272 392 ἡμῖν
1303 323 1483 376 εὔνων
1512 324 1807 392 πόρρωθεν

128 410 362 481 ἐσήμηνε
401 419 465 482 τῇ
496 411 636 482 χειρὶ
667 412 767 465 τὸν
797 411 1064 481 πολέμιον
1094 410 1447 480 πεφευγέναι,
1478 417 1552 483 τῷ
1580 412 1805 481 δικαστῇ

127 501 232 569 γὰρ
272 499 518 568 ἀνάγκην
558 498 816 570 ἐξαίφνης
853 508 948 570 τῆς
986 507 1086 553 τοῦ
1125 501 1300 568 νόμου
1335 503 1586 568 φυλακῆς
1625 498 1806 552 ἐπιπε-

127 597 266 641 σεῖν·
300 587 558 655 ἐγνωκότι
582 590 687 658 γὰρ
710 588 801 642 ἐπὶ
826 590 1106 658 πρόδηλον
1134 589 1375 656 εἰσάγειν
1401 589 1623 657 σφαγὴν
1652 588 1808 656 ἥκειν
1850 610 1874 641 4

126 678 251 730 τινὰ
286 679 525 746 ἄγγελον
562 685 657 746 τῆς
692 678 698 747 Ι
737 681 1020 731 Φιλίππου
1059 680 1325 746 κινήσεως
1363 675 1453 729 καὶ
1490 677 1610 730 δεῖν
1638 677 1743 745 ἤδη
1776 689 1892 733 R49

125 771 255 819 θεῖν
303 765 395 819 καὶ
445 765 705 836 δέχεσθαι
755 775 870 830 τοῖς
921 766 1073 836 ὅροις
1122 767 1222 834 τὴν
1275 766 1558 834 βλοσυράν
1611 764 1806 834 ἀρχήν·

125 853 215 907 καὶ
265 855 363 908 τὸν
414 856 671 909 δείσαντα
726 857 901 909 εἰπεῖν
950 854 1292 908 ἀπολωλέναι
1345 855 1442 907 τὸν
1494 854 1689 923 καιρὸν
1741 861 1806 924 τῇ

125 944 304 1012 χάριτι
354 942 445 996 καὶ
497 941 638 998 εἶναι
688 952 787 997 τοῦ
841 946 1016 1013 νόμου
1067 945 1128 997 τὸ
1180 944 1403 1013 κράτος,
1455 944 1575 996 δεῖν
1624 938 1728 995 οὗν
1771 940 1805 1010 ’ἢ

125 1033 346 1101 γραφὴν
386 1032 709 1100 ἀπενεγκεῖν
747 1034 781 1102 ἢ
819 1034 892 1101 μὴ
931 1032 1260 1100 ἀγανακτεῖν
1297 1032 1406 1085 ὑπὸ
1447 1031 1688 1099 ἀνάγκης
1725 1050 1807 1084 νι-

123 1122 387 1187 κώμενον.
472 1122 566 1174 διὰ
618 1129 788 1174 ταῦτα
842 1120 1056 1174 ἐκεῖνον
1109 1126 1423 1190 μεμνῆσθαι
1477 1128 1571 1189 τῆς
1623 1121 1805 1189 βαφῆς
1832 1140 1872 1172 ιο

126 1209 199 1271 ὡς
249 1210 315 1278 δὴ
370 1209 886 1279 μεταπεπεισμένου.
965 1210 1047 1263 70.
1101 1208 1192 1263 καὶ
1246 1209 1275 1263 ὁ
1322 1207 1423 1278 μὲν
1469 1209 1544 1262 ὃν
1588 1210 1808 1277 θυμὸν

124 1296 416 1351 κατέδων
462 1297 625 1371 ᾤχετο
674 1299 862 1352 οἴκαδε
916 1298 1148 1367 στένων,
1203 1298 1231 1351 ὁ
1272 1295 1332 1351 δὲ
1373 1291 1456 1361 οἷς
1494 1295 1700 1351 ἔδωκεν
1739 1296 1809 1350 ἂν

122 1384 409 1456 ἐρυθριῶν
446 1386 676 1450 καλέσας
716 1384 807 1455 ἐμὲ
844 1386 936 1440 καὶ
982 1385 1110 1456 παρ’
1156 1387 1328 1440 αὑτὸν
1371 1388 1608 1449 καθίσας
1647 1385 1708 1438 έν
1739 1393 1812 1458 τῷ

125 1474 457 1546 δικαστηρίῳ
505 1477 711 1546 τρίβων
756 1484 820 1546 τῇ
873 1476 1013 1546 χειρὶ
1058 1476 1119 1528 τὸ
1173 1477 1471 1545 πρόσωπον
1524 1476 1807 1545 διασύρων

123 1572 192 1616 τε
226 1565 358 1626 τοὺς
402 1563 540 1634 ὑπὲρ
587 1572 687 1617 τοῦ
728 1571 998 1633 σοφιστοῦ
1038 1565 1186 1634 παρὰ
1223 1571 1324 1617 τοῦ
1364 1566 1534 1633 φίλου
1575 1561 1802 1632 λόγουςΙ
1830 1582 1872 1616 15

123 1650 280 1720 ἠξίου
334 1671 400 1721 με
449 1650 636 1723 πρᾴως
684 1672 742 1706 τε
792 1655 938 1722 ἔχειν
986 1661 1051 1723 τῇ
1097 1651 1224 1722 παρ’
1280 1652 1452 1705 αὐτὸν
1499 1652 1610 1725 ὁδῷ
1653 1653 1740 1704 καὶ
1773 1664 1892 1707 R50

123 1740 296 1808 μηδὲν
335 1745 556 1794 οἴεσθαι
591 1750 702 1794 τῶν
731 1740 1134 1812 πεπραγμένων
1164 1747 1494 1810 πεπρᾶχθαι,
1527 1743 1806 1810 φήσαντος

125 1827 190 1880 δέ
231 1849 337 1896 μου
384 1829 475 1882 καὶ
523 1830 629 1899 πρὸ
675 1839 787 1883 τῶν
833 1830 1006 1883 αὐτοῦ
1054 1832 1236 1898 λόγων
1283 1824 1390 1882 ὧδε
1436 1827 1582 1899 ἔχειν
1620 1831 1806 1882 πίστιν

124 1914 314 1986 ἀπῄτει
354 1927 464 1970 τῶν
503 1917 821 1987 εἰρημένων,
861 1914 1003 1971 εἶναι
1042 1918 1104 1970 δὲ
1142 1920 1345 1986 πίστιν,
1386 1920 1434 1971 εἰ
1472 1919 1807 1986 ποιησαίμην

125 2005 296 2058 αὐτὸν
341 2005 617 2075 ἀκροατὴν
663 2005 724 2059 ἐν
769 2005 956 2075 μέσοις
993 2007 1375 2075 Νικομηδεῦσι
1421 2008 1591 2074 λόγου
1640 2008 1801 2068 τινός.
1827 2026 1870 2058 20

123 2096 302 2147 καίτοι
341 2093 371 2146 ὅ
412 2114 473 2162 γε
516 2097 808 2163 Φίλιππος,
838 2092 964 2164 ἔφη,
1003 2098 1172 2162 καλεῖ,
1211 2093 1368 2147 ταυτὶ
1401 2092 1462 2147 δὲ
1494 2094 1640 2163 ὅμως
1670 2112 1805 2165 προ-

124 2185 446 2251 τετιμήσθω.
504 2183 586 2234 71.
626 2183 769 2235 νεύω
802 2184 893 2236 καὶ
923 2183 1313 2252 ὑπισχνοῦμαι,
1344 2182 1435 2236 καὶ
1467 2180 1603 2252 ἦμεν
1637 2182 1703 2236 έν
1741 2191 1805 2253 τῇ

123 2271 482 2339 Νικομήδους
533 2271 624 2323 καὶ
680 2273 903 2340 εἰσῆγον
955 2273 1056 2340 τὴν
1110 2270 1390 2335 ἐπίδειξιν.
1467 2273 1651 2324 ἔπειτα
1710 2267 1810 2339 ἧκέ

243 2465 268 2503 5
302 2459 570 2505 Gothofred.
603 2461 875 2518 Prosopogr.
910 2461 1008 2505 cod.
1043 2461 1215 2505 Theod.
1250 2465 1335 2505 378
1459 2466 1510 2504 11
1544 2461 1595 2505 Π.
1628 2464 1654 2514 ζ
1676 2465 1760 2505 202
1837 2487 1841 2491 -

243 2641 265 2679 1
297 2638 409 2691 πρὶν
441 2637 500 2692 δή
530 2663 587 2669 -
621 2642 646 2681 2
670 2636 954 2695 πεφευγέναι
986 2638 1102 2681 citat
1124 2638 1241 2682 Plan
1264 2637 1331 2682 fol
1355 2643 1409 2681 21
1473 2638 1583 2694 πρὶν
1615 2636 1692 2695 δή]
1727 2635 1807 2681 καί

122 2694 239 2738 Plan
295 2694 543 2751 πόρρωθεν
575 2709 650 2740 om
674 2696 792 2740 Plan
883 2702 907 2740 2
942 2697 1157 2752 ἐσήμαινε
1188 2699 1232 2741 L
1262 2697 1379 2740 Plan
1470 2701 1495 2740 3
1529 2696 1676 2754 δήμου
1701 2698 1747 2740 Β

124 2758 151 2796 4
184 2752 365 2810 ἐσάγειν
389 2756 562 2799 AOPL
585 2755 687 2799 Mor
710 2756 778 2799 Re
839 2770 950 2798 num
982 2754 1192 2811 ἐξάγεινῗ
1299 2762 1324 2800 6
1358 2756 1434 2800 ἐπὶ
1464 2763 1559 2806 τοῖς
1591 2754 1746 2811 ὅροιςὶ)

125 2816 150 2854 9
182 2811 390 2869 ἀνάγκης
421 2827 560 2870 supra
591 2813 804 2871 ἀνάγκην
836 2814 902 2859 L²
1036 2819 1089 2857 10
1121 2816 1348 2858 διαταῦτα
1379 2816 1507 2873 BV!
1550 2813 1730 2859 ἐκείνου
1760 2815 1804 2858 L

122 2870 203 2915 τὸν
236 2870 533 2929 συκοφάντην
564 2873 666 2916 Mor
802 2879 855 2917 12
890 2874 1083 2928 ἔδρασεν
1114 2874 1437 2930 ἀνερυθριῶνῗ)
1574 2878 1628 2916 13
1662 2873 1804 2918 αὑτὸν

123 2930 192 2972 Re
254 2930 397 2973 αὐτὸν
427 2930 536 2974 libri
567 2932 678 2975 Fen·
708 2932 810 2976 Mor
900 2937 952 2975 21
987 2930 1067 2975 καί
1097 2949 1199 2976 τοτε
1230 2931 1256 2976 ὅ
1287 2941 1335 2976 τε
1366 2934 1410 2977 L
1470 2949 1518 2977 τε
1549 2933 1598 2975 in
1629 2948 1679 2990 γε
1704 2946 1806 2975 corr

123 2987 192 3032 A²
219 2989 225 3046 Ι
252 2991 409 3032 καλεῖν
433 2990 479 3032 Β
599 2995 654 3033 23
686 2986 769 3044 ἧκε
801 3004 856 3034 ex
886 2987 996 3044 ἧκεν
1029 3005 1130 3034 corr
1163 2991 1201 3035 C
1272 2987 1383 3045 ἧκεν
1407 2993 1451 3035 A
