2026 3168
150 89 254 179 198
688 126 917 170 LIBANII
948 125 1288 171 ORATIONES

145 281 220 331 τε,
274 262 452 332 ὕβρις,
509 259 783 330 ἀσέλγεια,
837 270 948 315 πᾶν
1008 259 1110 330 μὲν
1172 260 1550 331 φθέγξασθαι,
1605 270 1716 316 πᾶν
1769 260 1830 316 δὲ

143 355 426 419 τολμῆσαι,
465 351 530 403 τά
568 351 860 419 τυράννων
898 349 959 403 ἐν
999 352 1190 419 νόμοις
1236 349 1591 419 ἐργάσασθαι.
1669 348 1830 415 οὗτος

145 440 212 493 οὐ
261 441 446 492 δοκεῖν
491 435 591 506 μὲν
637 442 846 506 τολμᾶν
893 438 1177 508 ἐβούλετο,
1224 447 1335 493 πᾶν
1385 436 1446 492 δὲ
1499 440 1830 495 τούναντίον

143 525 423 598 ἔπραττεν,
450 526 511 580 ἐν
535 526 772 594 ἑτοίμοις
802 527 1131 598 ὑποσχέσεσι
1163 536 1444 598 πανταχοῦ
1468 530 1828 599 ψευδόμενος,

99 637 118 670 5
142 618 280 670 ὥστε
325 616 458 683 μετά
502 636 656 679 τινας
702 615 905 687 ἡμέρας
950 617 1040 669 καὶ
1085 617 1347 685 τοιαύτην
1393 615 1473 670 ἐπ’
1522 614 1613 684 ἐμὲ
1660 617 1828 682 δόξαν

141 704 348 774 ἐλθεῖν,
372 705 680 758 πλάττοντα
711 707 912 774 λόγους
942 703 1043 769 ἔξω
1075 707 1316 774 κομίζειν
1347 705 1616 774 ἀκηκοότα
1647 706 1827 761 οὐδέν.

141 794 263 846 270.
319 794 579 862 αἰτοῦμεν
630 795 697 862 δὴ
752 795 899 864 παρὰ
951 801 1051 847 τοῦ
1104 794 1246 856 Διὸς
1296 793 1634 864 ἀπαλλαγήν,
1684 794 1712 848 ὁ
1766 792 1827 848 δὲ

139 882 346 951 ἤκουσέ
372 901 429 935 τε
460 881 550 935 καὶ
582 881 784 951 ταχέως
815 880 985 935 ἔδωκε
1015 881 1284 953 προσθεὶς
1315 883 1375 935 τὸ
1408 882 1520 950 μετ’
1552 878 1826 953 αἰσχύνης.

51 983 94 1026 R
119 988 198 1027 161
233 971 323 1023 καὶ
354 972 457 1040 γὰρ
482 973 676 1040 ἤγχετο
709 969 800 1024 καὶ
833 971 1059 1039 εἵλκετο,
1090 971 1181 1024 καὶ
1214 972 1457 1040 φυλακαὶ
1485 969 1489 1043 1
1526 970 1618 1024 καὶ
1649 972 1825 1036 ὕπνος

75 1081 117 1113 10
140 1061 459 1128 νικώμενος,
499 1058 671 1112 ἔκειτό
714 1078 771 1112 τε
810 1062 909 1113 τὸν
947 1059 1225 1113 πανδοκέα
1263 1061 1579 1130 πριάμενος,
1626 1062 1678 1114 οἱ
1721 1067 1824 1130 θη-

137 1146 295 1218 ραταὶ
350 1145 411 1201 δὲ
460 1149 550 1201 καὶ
605 1144 755 1201 οὗτοι
808 1158 920 1202 τῶν
970 1150 1154 1216 λόγων
1202 1147 1496 1219 ᾑρήκεσαν,
1549 1151 1610 1203 ἔν
1656 1169 1713 1203 τε
1759 1158 1823 1220 τῇ

136 1238 340 1307 μεγάλῃ
386 1239 542 1290 πόλει
590 1237 755 1304 μέσος
804 1238 882 1291 ὢν
927 1240 1253 1308 πρακτόρων
1292 1236 1380 1290 ἐπὶ
1419 1237 1584 1306 μέσης
1622 1237 1824 1308 ἀγορᾶς

136 1328 375 1396 σφαίρας
423 1327 586 1394 δίκην
632 1335 898 1395 πανταχοῖ
943 1328 1295 1396 πανταχόθεν
1341 1325 1621 1396 ἐπέμπετο.
1698 1327 1825 1379 τού-

135 1434 247 1468 των
287 1411 348 1467 δὲ
386 1416 453 1467 τὰ
491 1412 593 1483 μὲν
631 1414 795 1484 ὁρῶν,
835 1416 901 1467 τὰ
940 1412 1002 1467 δὲ
1042 1414 1261 1468 ἀκούων
1300 1414 1404 1482 ἐγὼ
1437 1416 1823 1483 προσεκύνουν

71 1523 113 1557 15
136 1503 236 1571 τὴν
283 1504 482 1572 Τύχην,
523 1502 593 1555 δι’
640 1504 711 1571 ἣν
751 1504 853 1556 οὐκ
893 1505 1043 1556 ἔστιν
1082 1504 1171 1557 ὅτε
1210 1523 1303 1572 μοι
1344 1505 1498 1572 δίκης
1537 1503 1822 1574 ὀφειλομέ-

134 1612 234 1661 νης
271 1590 590 1662 ἐστερήθην.

246 1680 367 1733 271.
418 1682 495 1733 Τὰ
533 1679 582 1733 δ’
631 1677 700 1733 αὖ
740 1682 872 1747 μετὰ
910 1687 1128 1749 τοῦτον,
1169 1680 1306 1751 ἀνὴρ
1346 1682 1447 1750 τὴν
1480 1679 1678 1734 ἑαυτοῦ
1718 1678 1820 1749 μὲν

135 1767 388 1838 ἐκλιπών,
430 1767 657 1840 ἑτέρωσε
697 1766 758 1822 δὲ
798 1770 984 1838 οἰκῶν,
1023 1768 1241 1838 κέρδεσι
1289 1766 1350 1822 δὲ
1388 1779 1504 1832 τοῖς
1544 1768 1605 1823 ἐν
1635 1769 1820 1839 τρισὶν

135 1857 326 1928 ἀρχαῖς
364 1857 423 1911 ἐκ
462 1860 653 1921 πενίας
692 1859 769 1920 εἰς
806 1863 1050 1912 πλοῦτον
1098 1857 1300 1926 ἐλθών,
1340 1858 1431 1911 καὶ
1471 1860 1819 1928 λογογράφος

68 1967 112 2000 20
133 1946 325 2014 ἥκιστα
377 1947 479 2015 μὲν
529 1948 624 2015 ὥν,
678 1948 826 2000 πάνυ
881 1944 942 2000 δὲ
992 1943 1133 2000 εἶναι
1187 1949 1423 2014 νομίζων
1477 1949 1662 2016 εὔχετο
1718 1945 1819 2015 μὲν

254 2111 306 2150 17
340 2106 609 2159 Εὐστάθιος
639 2120 702 2151 or.
735 2106 815 2150 LV
845 2109 878 2151 t.
911 2107 974 2150 HI
1008 2112 1091 2151 125
1117 2121 1183 2163 sq.
1209 2107 1263 2152 R.

253 2258 306 2297 18
340 2253 545 2312 ἑτέρωσε]
581 2253 819 2330 ἑτέρωθι
852 2254 1084 2310 στάσιμον.
1134 2253 1328 2329 <ἑτέ>ρ
1340 2269 1441 2298 ωσε
1474 2254 1550 2298 ἐπὶ
1580 2253 1813 2309 κινήσεως.

133 2312 194 2362 ὡς
227 2313 278 2356 τὸ
320 2312 572 2371 ἑκασταχοῦ
611 2314 691 2357 καὶ
737 2313 876 2357 παλιν
923 2312 1287 2371 ἑκασταχόσε·
1335 2314 1387 2357 τὸ
1427 2320 1540 2369 γοῦν
1584 2312 1815 2387 ἑτέρωσε

133 2371 302 2415 οἰκῶν
335 2372 545 2416 ἐνταῦθα
569 2371 714 2417 τόπον
740 2373 824 2417 οὐκ
850 2373 952 2430 ἔχει.
1007 2373 1059 2416 τὸ
1084 2372 1171 2430 γὰρ
1205 2372 1345 2417 οἰκῶν
1378 2371 1598 2428 στάσιμον
1630 2369 1751 2428 ρῆμα
1778 2373 1821 2416 V

134 2429 230 2486 (lin.
259 2436 280 2473 1
314 2431 542 2474 vocabula
573 2431 792 2488 στάσιμον
818 2434 865 2475 et
888 2431 1109 2486 κινήσεως
1131 2432 1180 2474 in
1204 2444 1278 2475 ras
1303 2444 1492 2485 m.1·eo.‚
1526 2443 1646 2486 quae
1671 2431 1815 2474 abiam

132 2489 273 2532 verba
303 2489 412 2533 inde
445 2491 503 2533 ab
529 2491 590 2542 ὡς
612 2504 759 2546 usque
791 2491 852 2534 ad
883 2491 1020 2534 finem
1053 2490 1253 2545 addidit)

251 2640 275 2678 2
300 2643 392 2680 τῶν
417 2638 526 2680 ante
549 2653 791 2691 τυραννων
816 2637 961 2681 Ferr
948 2653 998 2680 1n
1021 2650 1155 2693 marg
1178 2637 1279 2680 Mor
1306 2638 1311 2689 Ι
1341 2614 1553 2691 ἐννόμοις
1554 2637 1619 2679 A
1646 2636 1651 2694 Ι
1681 2632 1815 2687 οὗτος

133 2709 207 2737 om
231 2696 275 2738 L
368 2699 391 2738 6
427 2695 508 2747 ἔξω
534 2693 753 2752 κομίζειν]
790 2695 1084 2753 ἐγκωμιάζειν
1110 2697 1155 2739 Β
1183 2696 1188 2753 Ι
1215 2713 1242 2739 κ
1276 2695 1473 2738 alterum
1504 2695 1553 2737 in
1577 2694 1813 2751 ἀκηκοότα

132 2753 182 2795 in
211 2767 286 2796 ras
318 2753 382 2797 ΡΕΞ
503 2758 527 2796 9
562 2769 671 2796 num
702 2754 831 2813 ὕπνῳ
865 2755 1159 2798 scribendum
1196 2754 1298 2797 coll.
1331 2753 1494 2797 Aesoh
1528 2754 1613 2810 Ag.
1649 2759 1732 2797 277
1766 2755 1814 2798 et

133 2816 218 2855 876
243 2812 312 2855 K?
407 2817 460 2855 10
493 2812 555 2869 οἱ]
590 2812 618 2868 ἡ
644 2814 688 2855 Β
782 2818 833 2856 11
867 2814 947 2856 καὶ
972 2810 1099 2857 οὗτοι
1130 2820 1221 2857 τῶν
1245 2811 1413 2870 λόγων]
1444 2820 1536 2856 τῶν
1560 2812 1708 2870 λόγων
1733 2814 1813 2857 καὶ

132 2867 260 2914 οὗτοι
291 2871 334 2914 L
443 2876 494 2914 13
527 2879 765 2928 πανταχοῦ
793 2873 836 2916 V
888 2879 1100 2930 πανταχῆ
1133 2873 1176 2915 L
1284 2875 1335 2914 17
1369 2870 1488 2926 ἀνήρ
1519 2888 1588 2923 τις
1615 2871 1698 2927 τὴν
1731 2874 1774 2916 L
1802 2872 1807 2930 Ι

132 2929 214 2986 μὲν
248 2944 322 2973 om
355 2931 398 2974 L
429 2931 478 2973 in
509 2930 678 2973 lacuna
710 2944 789 2974 sex
820 2931 892 2974 vel
925 2933 1103 2986 septem
1133 2930 1396 2973 litterarum
1487 2935 1542 2973 20
1573 2930 1736 2989 ηὔχετο
1770 2932 1813 2975 L
