2026 3168
725 116 954 160 LIBANII
985 115 1327 161 ORATIONES
1763 116 1796 168 3
1805 117 1831 168 1
1843 118 1867 168 1

184 254 275 306 καὶ
312 255 672 320 θαυμαστοὺς
708 251 799 305 καὶ
839 253 994 315 οἴους
1042 253 1197 306 λύειν
1235 253 1536 315 κινδύνους
1582 251 1872 321 γεγενημέ-

184 362 332 405 νους.
399 339 491 394 καὶ
533 345 663 409 ἴστε,
703 338 745 394 ὦ
785 341 920 409 νέοι,
959 343 1090 404 τοὺς
1127 343 1334 412 ἄνδρας
1372 341 1470 404 οὓς
1507 340 1734 410 ἀριθμεῖ
1774 340 1871 399 Ξε-

184 439 392 499 νοφῶν.
455 429 540 482 22.
576 430 892 497 θαυμασταὶ
925 427 986 483 δὲ
1017 429 1284 483 ἐντεῦθεν
1313 428 1405 483 καὶ
1435 438 1709 498 γυναῖκες,
1741 429 1872 492 ὅσας

183 518 448 588 ἐφίλησεν
472 517 715 588 Ἄρτεμις
752 517 844 571 καὶ
884 521 1041 588 ἔσχεν
1078 517 1140 571 ἐν
1177 521 1327 589 θήρᾳ
1365 519 1775 589 διατριβούσας·
1815 519 1878 570 αἵ

183 628 277 676 μοι
328 608 593 660 δοκοῦσιν
640 608 845 676 ἄνδρας
894 607 1157 678 ἀπείρους
1203 610 1385 677 θήρας
1422 607 1484 661 ἐν
1521 606 1740 680 πολέμῳ
1779 611 1871 660 λα-
1919 629 1938 660 5

186 699 388 764 βοῦσαι
421 694 594 759 δεῖξαι
625 695 695 748 ἂν
718 700 911 764 καλῶς,
944 696 1018 758 ὡς
1047 698 1219 758 νόθος
1249 697 1390 759 ἅπας
1420 695 1450 748 ὁ
1484 697 1813 766 στρατιώτης
1843 695 1872 748 ὁ

182 784 427 854 πολέμου
479 785 585 854 πρὸ
636 787 816 854 θήρας
861 785 1178 851 ἁπτόμενος.
1257 784 1343 837 23.
1394 785 1554 853 δηλοῖ
1593 781 1654 837 δὲ
1691 784 1724 853 ἡ
1763 794 1876 837 τῶν

188 874 644 940 Λακεδαιμονίων
680 876 862 936 πόλις·
908 874 1141 940 μάλιστα
1191 875 1259 942 δὴ
1299 875 1541 927 δοκοῦσα
1579 875 1875 942 φροντίσαι

182 963 367 1030 <τῶν>
397 967 710 1029 πολεμικῶν
740 963 975 1031 μάλιστα
1006 963 1074 1030 δὴ
1105 964 1359 1031 φαίνεται
1390 965 1733 1031 φροντίσασα
1764 971 1876 1014 τῶν

183 1050 311 1120 περὶ
350 1053 549 1121 θήραν.
619 1053 788 1118 νόμος
827 1059 968 1119 γοῦν
1008 1051 1196 1113 αὐτοῖς
1233 1049 1295 1104 ἐν
1332 1059 1396 1120 τῇ
1446 1058 1541 1118 τῆς
1568 1048 1875 1120 Ἀρτέμιδος
1899 1073 1943 1104 10

184 1138 345 1210 ἑορτῇ
370 1141 468 1193 τὸν
490 1140 694 1207 ἥκοντα
724 1138 814 1192 ἐπὶ
837 1141 898 1192 τὸ
932 1141 1160 1193 δεῖπνον
1184 1140 1252 1193 οὐ
1283 1141 1656 1210 τεθηρευκότα
1688 1140 1875 1192 δοκεῖν

184 1247 242 1280 τε
283 1228 496 1281 ἀδικεῖν
527 1227 619 1280 καὶ
659 1229 876 1281 διδόναι
917 1229 1093 1296 δίκην.
1158 1229 1191 1296 ἡ
1231 1229 1292 1281 δὲ
1332 1228 1474 1296 δίκη,
1513 1226 1763 1297 ἀμφορέα
1793 1246 1876 1290 τις

182 1317 386 1379 ὕδατος
434 1319 664 1386 κομίσας
712 1325 934 1386 καταχεῖ
971 1324 1067 1385 τῆς
1112 1324 1212 1369 τοῦ
1258 1317 1454 1379 παιδὸς
1490 1319 1755 1385 κεφαλῆς,
1805 1316 1876 1385 ἣν

181 1413 312 1467 παῖς
365 1400 527 1468 οὗτος
571 1400 631 1475 ᾗ,
680 1405 884 1475 ἀνδρὸς
931 1402 991 1458 δὲ
1037 1413 1132 1473 τῆς
1176 1406 1357 1475 χειρὸς
1392 1409 1397 1470 Ι
1433 1404 1462 1457 ὁ
1498 1405 1783 1467 ,δάκτυλος
1812 1417 1961 1462 R231

182 1500 347 1546 τοῦτο
396 1494 683 1562 ὑπομένει,
733 1494 825 1547 καὶ
874 1491 1026 1547 ἔστιν
1077 1493 1138 1546 ἐν
1179 1495 1550 1560 Λακεδαίμονι
1599 1501 1763 1546 τοῦτο
1811 1494 1874 1547 τὸ
1898 1516 1941 1549 15

182 1582 335 1651 ὕδωρ
375 1581 573 1650 ἀτιμία.
649 1581 1055 1649 ἐπιθυμοῦντες
1093 1583 1214 1652 γάρ,
1262 1579 1428 1651 οἶμαι,
1474 1589 1574 1635 τοῦ
1612 1590 1777 1635 νικᾶν
1813 1580 1877 1635 ἐν

183 1680 301 1734 τοῖς
339 1671 528 1734 ὅπλοις
559 1671 621 1724 ἓν
650 1679 814 1724 τοῦτο
846 1670 1107 1740 μέγιστον
1145 1671 1406 1741 εὕρισκον
1437 1672 1516 1733 εἰς
1554 1672 1716 1740 νίκην
1747 1670 1877 1740 ἐφό-

183 1760 327 1827 διον,
371 1761 590 1829 θηρίων
627 1770 911 1829 περιεῖναι.

297 1847 383 1900 24.
414 1847 568 1917 ’Ἑχοι
609 1847 659 1902 δ’
705 1850 775 1901 ἄν
812 1868 866 1901 τι
904 1848 1088 1917 λέγειν
1127 1848 1193 1901 οὐ
1233 1848 1371 1918 πρὸς
1396 1847 1559 1917 Ἄρην
1596 1846 1688 1901 καὶ
1718 1846 1876 1917 Ἀθη-

185 1944 292 1990 νᾶν
330 1939 522 2006 μόνον,
563 1938 611 1990 εἰ
648 1938 927 2006 βούλοιτο,
945 1935 1204 2005 Ἄρτεμις,
1244 1936 1382 1989 ἀλλὰ
1413 1935 1505 1989 καὶ
1534 1937 1674 2006 πρὸς
1703 1937 1876 1990 ἅπαν-
1899 1960 1944 1992 20

183 2045 278 2088 τας
326 2026 522 2093 θεούς,
577 2029 636 2079 οἳ
681 2025 874 2096 τέχνας
921 2027 1259 2094 παραδόντες
1313 2025 1635 2095 ἀνθρώποις
1687 2027 1881 2095 ἔχουσί

185 2132 244 2166 τε
283 2114 486 2177 αὐτοὺς
524 2114 922 2184 ἐργαζομένους
960 2114 1127 2177 αὐτὰς
1165 2114 1260 2176 τάς
1290 2133 1348 2167 τε
1379 2113 1484 2168 ἀπὸ
1511 2115 1710 2168 τούτου
1749 2134 1874 2185 καρ-

183 2211 418 2255 ποῦνται
459 2204 630 2271 τιμάς.
706 2205 779 2272 μὴ
830 2205 1010 2256 ὄντων
1055 2199 1156 2270 μὲν
1195 2204 1298 2271 γὰρ
1339 2202 1657 2273 ἀνθρώπων
1696 2202 1875 2257 ἀπώλ-

223 2347 231 2358 ’
306 2369 330 2406 2
362 2362 475 2407 Xen.
511 2362 621 2419 Cyn.
658 2368 726 2416 13,
754 2368 807 2406 18

306 2516 331 2554 6
365 2514 439 2555 δεῖ
466 2511 516 2554 in
547 2511 697 2564 δεῖξαι
728 2511 778 2554 in
808 2524 883 2554 ras
916 2509 980 2555 Ρ2
1022 2511 1027 2568 Ι
1071 2509 1095 2554 ὁ
1128 2510 1257 2567 prius
1290 2524 1365 2554 om
1400 2511 1489 2555 VU
1628 2515 1652 2554 7
1684 2510 1806 2566 πρὸσ
1838 2473 1879 2556 C

186 2570 269 2613 sed
300 2584 327 2614 σ
356 2583 539 2614 erasum
581 2571 586 2629 Ι
628 2573 682 2626 ηλ
713 2570 762 2613 in
794 2572 929 2626 δηλοῖ
956 2569 1007 2612 in
1039 2583 1113 2613 ras
1138 2569 1202 2614 12²
1229 2572 1235 2627 Ι
1264 2570 1314 2614 δὲ
1347 2571 1427 2614 καὶ
1457 2569 1486 2626 ἡ
1519 2570 1588 2614 Re
1627 2572 1653 2637 Ι.
1674 2577 1766 2613 τῶν
1798 2583 1875 2613 om

189 2629 270 2673 CA
420 2633 446 2672 8
490 2629 568 2687 δὴ]
612 2628 701 2686 γὰρ
743 2628 816 2672 vel
858 2628 947 2686 γὰρ
991 2629 1049 2685 δὴ
1094 2629 1199 2672 coni
1230 2629 1297 2673 Re
1447 2633 1473 2671 9
1506 2636 1598 2673 τῶν
1640 2628 1815 2672 inserui

188 2691 244 2731 10
276 2684 323 2745 γ’
359 2684 444 2732 οὖν
474 2690 520 2732 Α
672 2693 726 2732 12
760 2703 780 2731 ε
819 2687 869 2730 in
899 2703 947 2732 τε
985 2688 1034 2730 in
1064 2700 1140 2731 ras
1172 2687 1238 2732 122
1279 2690 1285 2744 Ι
1330 2704 1350 2732 ε
1380 2688 1430 2731 in
1461 2686 1678 2744 ἀμφορέα
1718 2687 1767 2730 in
1797 2701 1874 2731 ras

236 2746 301 2804 Ἰ
338 2745 408 2798 τίς
436 2747 650 2791 APVIB
779 2752 833 2790 15
864 2747 916 2790 τὸ
947 2745 1073 2801 υδωρ
1103 2754 1239 2791 τοῦτο
1272 2748 1383 2791 ΒΜ
1501 2752 1555 2790 16
1588 2744 1778 2802 ἀτιμίαν
1801 2747 1837 2790 Ι
1863 2747 1869 2805 Ι

184 2811 269 2849 τοῦ
301 2819 376 2849 om
401 2805 525 2873 PU!
552 2806 602 2851 ἐν
635 2821 710 2851 om
736 2807 797 2850 M
901 2810 952 2848 19
989 2805 1036 2863 ἔχ
1039 2821 1079 2849 ει
1104 2807 1150 2850 Β
1251 2810 1308 2849 20
1339 2806 1421 2849 καὶ
1453 2820 1528 2850 om
1552 2807 1598 2849 B
1703 2811 1755 2849 21
1789 2806 1874 2849 ἀν-

185 2865 400 2919 θρώποις
439 2864 490 2907 in
531 2878 666 2922 marg
706 2865 831 2909 inser
861 2864 912 2907 1²
1061 2869 1116 2907 22
1148 2880 1196 2908 τε
1235 2865 1370 2922 (alt.)]
1403 2863 1445 2909 τ’
1482 2865 1550 2909 Re
1701 2869 1757 2908 23
1789 2864 1874 2920 μὲν

186 2922 238 2966 in
268 2937 404 2980 marg
433 2923 557 2967 inser
586 2924 638 2967 Ρ
