2026 3168
685 126 913 172 LIBANH
945 125 1285 171 ORATIONES
1725 127 1830 180 155

146 263 180 317 ὁ
221 262 550 325 διδάσκαλος
589 261 852 330 ἀνεβόησε
891 260 1059 315 τοῦτ’
1100 260 1343 330 ἐκεῖνο,
1378 270 1494 325 τοῖς
1524 264 1830 332 γνωρίσμα-

144 365 240 404 σιν
279 349 435 418 ἑλών,
482 348 572 402 καὶ
618 346 750 418 ἧκεν
789 348 1032 419 ἐρωτῶν,
1080 350 1127 402 εἰ
1175 350 1249 418 μὴ
1301 349 1603 419 ἁμαρτάνοι
1655 348 1827 418 δόξης.

147 440 332 507 λαβὼν
370 434 474 492 οὖν
512 437 616 506 ἐγὼ
657 439 747 491 καὶ
784 440 1032 507 ποιήσας,
1072 431 1162 490 οἷα
1201 439 1271 491 ἄν
1302 458 1384 500 τις
1424 437 1511 491 ἐπὶ
1544 439 1699 491 παιδὶ
1731 439 1829 492 τὸν

146 534 273 582 ἴσον
309 525 410 597 μὲν
449 527 819 596 ἀφανισθέντι
857 529 1076 598 χρόνον,
1116 526 1348 596 φανέντι
1388 524 1449 580 δὲ
1488 527 1553 580 οὐ
1589 528 1829 597 προσδο-

139 616 371 686 κηθέντι
418 618 714 687 περιχαρὴς
755 616 1170 685 ἀπηλλαττόμην
1215 614 1306 668 καὶ
1352 618 1471 668 τότε
1518 616 1693 678 εὐθὺς
1738 617 1829 669 καὶ
1875 637 1895 669 5

143 713 250 759 νῦν
289 701 414 758 οἶδα
451 713 515 775 τῇ
556 711 670 776 θεῷ
711 706 885 775 χάριν.
941 705 1148 773 γελάτω
1190 701 1250 756 δὲ
1291 704 1320 758 ὁ
1359 706 1715 773 βουλόμενος,
1756 706 1828 768 ὡς

138 791 281 864 ὑπὲρ
329 794 549 863 φαύλου
596 794 1138 864 μακρολογήσαντος,
1186 792 1340 856 ἀδεὲς
1386 794 1490 862 γὰρ
1539 795 1828 862 δήπουθεν

143 883 478 935 ἀπαιδεύτου
519 882 704 950 γέλως.

257 970 375 1024 151.
438 969 557 1040 Ἐφ’
619 965 661 1042 ᾧ
718 970 766 1023 δ’
827 970 897 1024 ἂν
945 972 1179 1037 μάλιστα
1234 973 1556 1040 νομιζοίμην
1611 972 1825 1038 ἄθλιος,

135 1061 244 1129 ἤδη
300 1061 507 1130 φράσω.
584 1062 635 1112 εί
686 1061 789 1130 γὰρ
845 1056 914 1113 αὖ
976 1061 1153 1129 πατὴρ
1217 1060 1360 1122 ὅςτις
1421 1062 1663 1122 πολλοὺς
1723 1057 1824 1128 μὲν
1850 1081 1892 1113 10

140 1149 341 1211 παῖδας
379 1148 660 1219 παρέδωκε
698 1151 956 1218 μνήμασι,
995 1152 1224 1210 πολλαῖς
1264 1145 1324 1200 δὲ
1357 1150 1576 1211 κλίναις
1607 1149 1828 1215 σώματα

137 1238 353 1291 τούτων
378 1237 487 1306 [γε]
514 1238 817 1307 φερούσαις
840 1237 1242 1305 ἠκολούθησεν,
1276 1237 1489 1305 ἄθλιος,
1521 1247 1635 1299 πῶς
1667 1237 1789 1306 οὐχὶ
1819 1234 1824 1308 Ι

138 1327 231 1380 καὶ
256 1327 420 1388 αὐτὸς
444 1325 512 1378 ἂν
538 1324 599 1378 ἐν
623 1327 997 1395 δυστυχοῦσιν
1023 1325 1379 1395 ἀριθμοίμην,
1405 1325 1472 1378 οὐ
1497 1327 1738 1389 πολλοὺς
1762 1338 1804 1381 R
1830 1342 1913 1381 102

139 1417 340 1482 μόνον,
404 1413 541 1467 ἀλλὰ
600 1413 691 1467 καὶ
754 1414 1004 1482 ἀγαθοὺς
1064 1414 1264 1476 παῖδας
1327 1416 1457 1477 τοὺς
1510 1414 1612 1482 μὲν
1666 1414 1829 1476 αὐτὸς

136 1505 350 1571 θάψας,
395 1505 527 1566 τοὺς
574 1503 636 1556 δὲ
683 1502 745 1556 ἐν
792 1512 977 1573 σοροῖς
1018 1501 1208 1566 ξένους
1246 1505 1574 1565 νεανίσκους
1613 1503 1690 1565 εἰς
1727 1503 1828 1571 τὴν
1852 1524 1893 1556 15

141 1594 352 1646 οἰκείαν
392 1591 728 1661 ἀποπέμψας.
811 1592 930 1645 152.
979 1592 1159 1660 ὥσπερ
1207 1593 1310 1662 γὰρ
1354 1591 1382 1644 ὁ
1428 1592 1827 1662 Θρασύβουλος

138 1683 272 1744 τοὺς
315 1690 427 1734 τῶν
474 1680 763 1750 ἀσταχύων
807 1679 1177 1750 ὑπερέχοντας
1223 1678 1528 1748 ἐξέκοπτεν,
1576 1680 1751 1742 οὕτως
1793 1679 1826 1748 ἡ

150 1770 296 1839 Τύχη
335 1778 446 1822 τῶν
485 1769 760 1838 ὁμιλητῶν
798 1772 928 1831 τοὺς
968 1769 1228 1839 ἀρίστους
1258 1770 1522 1839 ἥρπασεν,
1555 1767 1824 1839 ἀρξαμένη

140 1854 245 1927 μὲν
290 1857 394 1910 ἀπὸ
441 1867 553 1910 τῶν
599 1856 660 1911 ἐν
706 1859 953 1928 Βιθυνίᾳ
1000 1858 1318 1927 διατριβῶν,
1365 1861 1722 1926 προελθοῦσα
1766 1854 1827 1910 δὲ

145 1948 222 2008 εἰς
266 1946 411 2014 τόδε,
467 1946 548 1999 ἀεὶ
600 1946 900 2015 φειδομένη
963 1942 1065 2014 μὲν
1120 1949 1178 1999 οἳ
1229 1946 1330 1998 οὐκ
1384 1945 1454 1998 ἂν
1504 1944 1827 2015 ἐξέλαμψαν,
1852 1968 1896 2000 20

140 2037 272 2098 τοὺς
311 2031 372 2087 δὲ
410 2036 512 2103 ἤδη
554 2055 610 2088 τε
650 2034 711 2088 ἐν
751 2034 882 2105 δόξῃ
923 2035 1012 2087 καὶ
1051 2030 1122 2088 αὗ
1169 2037 1297 2098 τοὺς
1344 2033 1640 2101 ἐσομένους
1687 2033 1828 2104 ἀφῄ-

142 2143 242 2193 ρει.
344 2122 462 2176 153.
532 2123 672 2192 λέγω
737 2120 840 2177 οὖν
892 2123 1030 2193 πρὸς
1089 2125 1219 2185 τοὺς
1280 2122 1570 2192 οἰομένους
1629 2143 1682 2176 τι
1744 2122 1829 2176 λε’-

141 2231 286 2280 γειν,
349 2210 572 2265 ἐπειδὰν
633 2211 876 2282 ἐρωτῶσι
939 2214 1124 2274 τίνας
1190 2208 1257 2264 δὲ
1321 2211 1477 2281 ἡμῖν
1538 2211 1827 2282 ἀπέφηνε

265 2405 317 2445 16
348 2401 454 2445 Her.
489 2401 530 2445 V
562 2405 632 2457 92,
665 2405 739 2456 10;
774 2401 830 2444 cf.
865 2400 1086 2444 Themist.
1120 2415 1183 2444 or.
1216 2400 1321 2444 XIX
1351 2417 1395 2458 p.
1422 2406 1520 2454 282,
1549 2406 1604 2445 24
1628 2401 1766 2445 Dind.

262 2582 288 2621 3
327 2574 404 2622 οἶα
437 2592 539 2623 corr
570 2592 626 2622 ex
658 2575 729 2629 οἷς
762 2579 824 2623 C¹²
946 2583 970 2622 5
1010 2578 1091 2621 καὶ
1120 2584 1207 2623 νῦν
1239 2574 1348 2622 οἶδα
1387 2592 1489 2622 corr
1519 2592 1575 2622 ex
1607 2574 1715 2623 οἶδα
1747 2580 1827 2622 καὶ

142 2642 230 2681 νῦν
261 2636 324 2680 P²
446 2642 500 2680 10
540 2634 618 2694 αὖ]
656 2637 713 2693 δὴ
747 2636 903 2681 Gasda,
1026 2641 1076 2679 11
1122 2635 1174 2682 δὲ
1206 2651 1280 2681 om
1311 2639 1355 2682 L
1478 2642 1530 2680 12
1571 2653 1621 2694 γε
1651 2638 1826 2682 τούτων

156 2695 237 2739 VL
311 2711 362 2753 γε
394 2696 648 2740 cancellavi
680 2698 868 2740 auoizore
899 2697 967 2739 Re
1090 2700 1142 2738 13
1176 2696 1226 2740 ἐν
1257 2704 1353 2747 τοῖς
1384 2700 1688 2754 δυστυχοῦσιν
1720 2697 1766 2740 Β

146 2756 200 2795 15
232 2751 408 2812 ξένους]
439 2754 573 2806 νέους
596 2756 707 2800 Fen·
759 2755 891 2798 uncis
915 2754 1106 2798 inclusit
1128 2755 1230 2798 Mor
1315 2760 1367 2800 16
1394 2753 1547 2799 οἰκίαν
1572 2757 1615 2799 L
1699 2759 1755 2798 20
1780 2755 1827 2807 ἐς

145 2812 190 2854 Β
225 2812 231 2870 Ι
272 2810 378 2858 τόδε
410 2812 497 2869 ἀεί,
528 2815 639 2858 Fen·
669 2815 737 2858 Re
765 2814 770 2871 Ι
799 2831 858 2859 αν
891 2827 1030 2870 supra
1055 2829 1104 2857 εν
1135 2813 1185 2856 in
1212 2813 1466 2872 ἐξέλαμψεν
1500 2813 1559 2859 Cf
1677 2819 1730 2857 21
1764 2811 1824 2858 αὖ

142 2871 267 2928 τοὺς]
309 2872 478 2923 αὐτοὺς
508 2874 552 2917 L
589 2875 595 2929 Ι
638 2871 963 2929 ἀφαιρουμένη
992 2873 1073 2916 VL
1104 2872 1205 2916 Mor
1235 2873 1303 2916 Re
1454 2878 1509 2916 22
1549 2870 1592 2916 τί
1626 2873 1718 2917 AB
1730 2873 1774 2918 V

145 2933 200 2972 23
233 2929 290 2986 δὴ
323 2931 445 2989 ΑΡΙ
480 2931 727 2989 ἀπέφηνας
757 2932 914 2975 Gasda
