2026 3168
194 136 297 189 186
730 137 956 180 LIBANH
987 136 1328 182 ORATIONES

190 270 268 340 δέ,
316 273 364 324 εἰ
409 272 499 324 καὶ
544 273 615 340 μὴ
662 274 947 342 πρότερον,
996 273 1132 326 ἀλλὰ
1170 282 1293 343 νῦν,
1340 274 1368 327 ὁ
1409 277 1570 342 λόγος
1617 272 1678 328 δὲ
1721 277 1866 345 παρὰ

191 361 289 413 τὸν
328 363 531 430 χρόνον
571 358 738 413 οὐδὲν
777 361 1103 431 ἀδικήσεται.
1181 365 1518 433 παρεφρόνει
1565 383 1646 426 τις
1691 383 1866 434 χειρο-

189 449 378 518 τέχνης
416 447 506 501 καὶ
545 451 675 512 τοὺς
713 446 814 518 μὲν
852 452 1147 520 πόρρωθεν
1186 450 1498 521 ἐτάραττεν,
1538 454 1650 505 ἔστι
1691 451 1740 504 δ’
1787 448 1865 505 ὧν

188 536 278 590 καὶ
317 539 539 606 ἥπτετο,
578 539 952 607 χαλεπώτατος
992 536 1052 591 δὲ
1091 536 1161 608 ἦν
1207 538 1355 608 ἐμοί,
1392 541 1642 610 καθάπερ
1681 560 1734 593 τι
1773 559 1865 593 πε-

145 646 165 679 5
189 627 415 688 πονθὼς
460 628 654 694 κακόν,
699 625 790 679 καὶ
838 627 999 680 ὁπότε
1049 629 1158 680 ἴδοι
1205 648 1294 696 με,
1343 630 1541 692 λίθους
1587 629 1738 698 ἀφίει
1775 628 1864 682 καὶ

188 714 450 781 ἐπεθύμει
488 723 695 768 κτεῖναι
735 717 934 782 βαλών.
998 716 1121 769 236.
1161 718 1220 769 τὸ
1263 714 1324 770 δὲ
1364 722 1541 770 αἴτιον
1581 719 1707 770 οὔτε
1745 720 1865 770 τότε

187 801 342 873 ᾔδειν
395 811 503 856 νῦν
555 823 613 856 τε
667 804 851 873 εὑρεῖν
905 805 1006 857 οὐκ
1060 803 1178 874 ἔχω.
1254 807 1391 875 πρὸς
1443 803 1503 858 δὲ
1555 807 1649 868 τὰς
1697 807 1865 874 βολὰς

98 903 245 946 R144
275 890 401 958 βοαὶ
447 888 548 958 μὲν
593 902 704 945 τῶν
752 893 1010 963 ὁρώντων
1044 897 1050 957 Ι
1085 889 1249 962 ἦσαν,
1298 895 1416 956 οἵας
1461 893 1530 947 ἂν
1578 896 1865 963 ποιήσειαν

185 977 323 1049 ὑπὲρ
371 982 637 1034 τοιούτων
683 984 876 1049 φόβοι,
923 991 1100 1051 χεῖρες
1139 979 1199 1035 δὲ
1238 983 1416 1052 ἔδρων
1463 982 1652 1051 οὐδέν,
1701 985 1756 1036 αἱ
1803 981 1863 1036 δὲ

120 1089 163 1121 10
186 1078 296 1122 τῶν
334 1075 484 1122 θεῶν
523 1069 613 1122 καὶ
652 1071 817 1138 πάνυ,
859 1069 929 1122 δι’
969 1071 1065 1133 οὓς
1104 1072 1244 1133 ἅπας
1282 1073 1443 1133 λίθος
1481 1072 1722 1140 μάταιος,
1754 1081 1864 1124 τῶν

185 1154 286 1226 μὲν
311 1159 413 1211 οὐκ
438 1158 869 1228 ἐφικνουμένων,
894 1168 1005 1212 τῶν
1030 1157 1090 1212 δὲ
1113 1160 1578 1229 ὑπερπετομένων.
1619 1160 1741 1212 237.
1773 1162 1866 1213 καί

185 1264 316 1299 ποτε
376 1246 544 1317 θέρος
603 1244 706 1314 μὲν
765 1243 834 1315 ἧν
894 1249 983 1301 καὶ
1045 1251 1375 1318 μεσημβρία,
1437 1247 1527 1301 καὶ
1582 1248 1863 1317 ἐκαθήμην

184 1334 286 1403 ὑφ’
324 1328 467 1408 ᾧπερ
509 1337 732 1389 εἰώθειν
763 1339 923 1406 κίονι,
963 1344 1037 1409 τῷ
1064 1337 1417 1406 Δημοσθένει
1451 1339 1860 1406 προσκείμενος,

183 1433 365 1493 παρῆν
397 1421 457 1477 δε
490 1426 690 1493 οὐδείς,
730 1426 831 1478 οὐκ
864 1425 1174 1495 ἐλεύθερος,
1215 1426 1281 1478 οὐ
1315 1427 1526 1488 δοῦλος.
1567 1425 1595 1478 ὁ
1629 1423 1689 1478 δὲ
1724 1422 1867 1494 ἦλθέ

119 1530 161 1563 15
184 1532 242 1564 τε
281 1513 352 1575 ὡς
391 1512 506 1582 ἐμέ,
552 1512 644 1566 καὶ
683 1514 712 1567 ὁ
753 1515 914 1576 λίθος
960 1513 1020 1566 ἐν
1066 1534 1129 1584 τη
1179 1513 1342 1585 δεξιᾷ.
1418 1515 1748 1584 προσελθὼν
1794 1515 1862 1582 δὴ

183 1610 301 1663 ταῖς
339 1603 595 1670 μεγαλαις
633 1603 853 1671 θύραις,
894 1606 954 1654 αι
987 1603 1160 1671 <οὐκ>
1200 1602 1502 1656 ἐκέκλειντο
1542 1601 1633 1655 καὶ
1674 1601 1744 1655 δι’
1784 1599 1862 1656 ὧν

182 1694 252 1757 ἠν
306 1691 511 1743 τανδον
568 1692 734 1758 ἰδεῖν,
798 1690 981 1759 ἐπειδὴ
1036 1688 1182 1744 ειδεν
1235 1689 1402 1744 ἔνδον
1456 1694 1588 1744 ὄντα
1642 1690 1860 1759 οὐδένα,

184 1778 398 1847 ἀπῆλθε
443 1780 543 1847 τὴν
590 1779 761 1848 αὐτὴν
802 1781 935 1846 μετὰ
979 1787 1077 1833 τοῦ
1125 1782 1318 1848 λίθου,
1364 1778 1454 1832 καὶ
1492 1787 1662 1832 ταῦτα
1701 1780 1862 1842 αὐτὸς

184 1865 370 1935 ἑώρων
421 1868 487 1920 οὐ
537 1870 812 1936 κινηθείς,
865 1867 892 1920 ὁ
945 1865 1004 1920 δὲ
1056 1869 1156 1920 οὐκ
1209 1869 1438 1936 ἤνεγκεν
1488 1867 1569 1921 ἐπ’
1624 1867 1714 1934 ἐμὲ
1763 1869 1860 1921 τὸν

116 1975 159 2010 20
184 1955 478 2023 ὀφθαλμὸν
515 1961 667 2008 θεῶν
711 1976 811 2008 του
854 1958 1237 2018 κεκωλυκότος.
1313 1956 1346 2024 ἢ
1389 1957 1489 2009 οὐκ
1537 1955 1605 2008 ἂν
1651 1961 1860 2025 πληγῆς

183 2044 260 2105 εἰς
296 2044 545 2096 θάνατον
584 2043 823 2112 ἐδεήθην
873 2044 1146 2114 δευτέρας,
1192 2052 1455 2107 τοσοῦτος
1501 2039 1570 2111 ἦν
1616 2044 1644 2097 ὁ
1684 2048 1856 2107 λίθος.

183 2131 303 2183 238.
345 2134 440 2185 τὸν
486 2135 681 2185 τοίνυν
723 2132 939 2185 ἐκεῖθεν
986 2135 1062 2195 εἰς
1106 2135 1271 2202 τήνδε
1315 2134 1416 2201 τὴν
1462 2134 1612 2202 ὥραν
1658 2135 1859 2202 χρόνον

185 2220 344 2272 δόσιν
383 2227 534 2273 θεῶν
574 2223 777 2289 λογίων
816 2221 1118 2289 νομιστέον.
1196 2220 1496 2291 ἐφρόντισα
1541 2221 1726 2287 μέντοι
1769 2222 1857 2273 καὶ

301 2355 323 2393 1
357 2350 498 2394 Thuo.
530 2351 551 2393 I
585 2355 682 2406 141,
716 2356 740 2395 6

301 2472 325 2510 2
357 2466 426 2517 τίς
448 2470 595 2512 ARV
680 2473 705 2511 3
738 2467 789 2512 δὲ
821 2465 855 2512 ὧ
887 2470 930 2512 L
1014 2473 1038 2511 5
1070 2467 1260 2524 ἠφίειν
1339 2473 1361 2510 7
1387 2466 1502 2523 πρός
1523 2483 1570 2511 τε
1594 2467 1703 2510 libri
1728 2468 1818 2511 edd
1847 2470 1851 2526 J

182 2525 348 2593 βουλὰς
390 2527 500 2570 Ferr
536 2528 654 2581 Mor,
704 2528 784 2583 qui
831 2527 969 2602 βολὰς
1007 2527 1110 2571 coni
1230 2531 1256 2569 8
1287 2525 1529 2581 ποιήσειαν
1570 2527 1617 2569 et
1656 2531 1680 2568 9
1715 2525 1854 2585 φόβοι

182 2584 346 2658 scripsi
371 2599 395 2628 e
415 2587 495 2629 VL
555 2585 788 2641 ποιήσειεν
813 2589 860 2630 et
883 2585 1030 2660 φόβος
1052 2587 1226 2631 AOPB
1251 2585 1341 2628 edd
1405 2589 1457 2628 10
1475 2584 1622 2659 ἅπας]
1650 2586 1729 2628 καὶ
1753 2588 1795 2630 L

184 2648 238 2686 13
262 2641 346 2699 ὑφ’
385 2644 549 2700 scripsi
581 2659 605 2688 e
646 2646 689 2689 V
817 2645 874 2701 ἐφ
930 2645 1098 2700 reliqui
1129 2644 1236 2687 libri
1268 2644 1359 2687 edd
1481 2648 1534 2686 16
1566 2645 1651 2687 οὐκ
1682 2644 1856 2688 inserui

183 2704 369 2746 auctore
401 2703 468 2746 Re
496 2705 501 2759 J
529 2721 583 2760 γρ
616 2702 854 2759 ἐκέκληντο
885 2705 986 2747 Mor
1023 2705 1071 2747 in
1101 2717 1234 2759 marg
1336 2708 1387 2745 17
1422 2698 1478 2758 ἦν
1511 2716 1585 2745 om
1615 2703 1725 2746 Feri·
1755 2705 1856 2747 Mor

182 2760 262 2816 qui
295 2762 364 2805 ἔνι
396 2762 499 2805 coni
527 2765 532 2817 J
561 2762 678 2806 ἰδεῖν
703 2762 816 2806 ἰδὼν
837 2764 878 2806 V
901 2763 1128 2819 probante
1161 2761 1314 2804 Gasda
1342 2763 1347 2817 J
1376 2759 1506 2805 ἰόντα
1538 2763 1581 2805 L
1699 2767 1753 2804 20
1785 2761 1847 2806 δι’

181 2819 263 2869 οὓς
285 2819 409 2871 ἅπας
431 2818 565 2870 λίθος
595 2837 787 2876 ματαιος
816 2824 923 2877 post
954 2818 1261 2870 κεκωλυκότος
1291 2821 1402 2863 Ferr
1432 2820 1482 2862 in
1512 2834 1645 2876 marg
1676 2823 1723 2864 et
1753 2822 1854 2864 Mor

181 2878 262 2934 qui
287 2892 312 2922 e
336 2879 647 2935 superioribus
680 2880 849 2922 steraba
881 2894 980 2924 esse
1012 2879 1226 2936 cognovit
1260 2881 1266 2934 J
1301 2873 1359 2934 ἧὶ)
1481 2884 1533 2922 21
1569 2879 1739 2936 ἐὸεηθη
1772 2882 1815 2924 L
1843 2880 1848 2938 J

180 2945 399 2981 τοσοῦτον
432 2939 475 2982 L
595 2943 648 2980 22
681 2939 780 2995 τὸν]
814 2946 904 2983 τῶν
937 2941 980 2982 L
1007 2941 1012 2992 J
1040 2939 1194 2996 χώραν
1227 2940 1270 2982 L
