2026 3168
219 145 322 198 176
759 144 987 190 LIBANH
1016 144 1357 190 ORATIONES

215 282 468 344 ὄψεσθαι.
545 279 667 332 208.
724 279 751 332 ὁ
791 277 893 349 μὲν
931 281 998 349 δὴ
1040 279 1126 333 ἐπὶ
1164 288 1264 333 τοῦ
1312 282 1536 350 ζεύγους
1581 283 1895 349 καθήμενος

214 369 396 438 ἠρώτα
441 371 622 421 παίων
668 369 800 437 ἅμα,
851 377 915 439 τῇ
961 367 1087 439 περὶ
1137 371 1260 422 τίνα
1310 369 1625 440 ἀνθρώπων
1676 370 1893 441 δαπάνῃ

214 465 458 510 τοιοῦτοι
497 458 622 526 περὶ
659 458 758 511 τὸν
799 459 967 527 ἄρτον
1014 457 1404 526 ἀναγκάζοιντο
1452 454 1607 512 εἶναι.
1683 467 1794 511 τῶν
1833 459 1896 511 δὲ

215 543 383 599 οὐδὲν
421 547 596 599 εἰπεῖν
636 545 877 616 ἐχόντων
913 549 1244 617 προβεβήκει
1282 544 1384 616 μὲν
1423 545 1510 600 ἐπὶ
1549 557 1703 617 σῶμα
1737 545 1895 615 ἕβδο-

171 655 191 689 5
214 655 338 704 μον,
386 634 555 688 οὐδὲν
601 632 662 688 δὲ
710 635 868 698 εἰδὼς
915 634 1019 703 ἐγὼ
1071 634 1338 706 προσῄειν
1390 637 1456 688 τὰ
1510 637 1744 689 εἰωθότα
1797 653 1895 689 πο-

124 737 167 781 R
190 741 272 779 131
299 725 613 794 ρευόμενος,
646 725 858 777 κτύπου
892 721 955 777 δὲ
983 729 1212 793 πληγῶν
1243 725 1576 794 αἰσθόμενος
1602 723 1608 795 Ι
1634 730 1709 797 τῷ
1741 725 1894 797 δήμῳ

212 812 636 883 κεχαρισμένων,
692 813 752 876 ὃς
807 812 1050 882 ἐκεχήνει
1102 815 1240 884 πρός
1291 832 1349 865 τε
1402 815 1463 866 τὸ
1512 806 1643 881 αἷμα
1687 812 1778 867 καὶ
1827 814 1895 866 τὰ

212 909 382 970 νῶτα,
427 900 609 971 θέαμα
655 900 874 964 ἐπιστὰς
920 898 1075 955 εἶδον
1117 903 1319 972 πικρόν
1363 922 1421 955 τε
1459 902 1548 955 καὶ
1591 910 1707 965 τοῖς
1745 901 1895 971 ἐμοῖς

215 989 316 1042 οὐκ
378 989 608 1043 ἀνεκτὸν
669 991 932 1059 ὄμμασιν,
995 990 1062 1043 οὐ
1123 991 1233 1059 μὴν
1287 991 1364 1053 εἰς
1418 990 1715 1059 ἀναβολήν·
1769 988 1887 1043 ἀλλ’

147 1100 190 1133 10
214 1077 388 1141 εὐθὺς
433 1087 551 1141 ταῖς
597 1077 837 1147 ἐμαυτοῦ
884 1077 1038 1149 χερσὶ
1086 1079 1358 1147 διατεμὼν
1402 1079 1501 1131 τὸν
1547 1081 1714 1148 ὄχλον
1768 1087 1894 1148 σιγῇ

213 1164 315 1236 μὲν
359 1170 706 1237 μεμφόμενος
750 1167 907 1238 μέχρι
952 1174 1053 1220 τοῦ
1100 1175 1302 1237 τροχοῦ
1347 1165 1629 1238 προσῄειν,
1680 1167 1789 1221 ἐκεῖ
1834 1167 1896 1221 δὲ

214 1258 370 1324 λόγοι
417 1275 476 1309 τε
520 1256 717 1310 πολλοὶ
763 1254 855 1310 καὶ
902 1255 1086 1309 οὐκέτι
1133 1257 1311 1324 σιωπὴ
1356 1264 1478 1308 τοῖν
1524 1257 1688 1309 δυοῖν
1732 1255 1896 1309 ἁπτο-

213 1343 383 1413 μένου
423 1347 638 1414 μόνοιν,
678 1346 750 1408 ὡς
790 1345 918 1398 οὔτε
954 1345 1281 1414 ἠδικήκασιν
1317 1346 1370 1397 οἱ
1410 1344 1470 1398 ἐν
1508 1353 1626 1407 ταῖς
1663 1349 1894 1413 πληγαῖς

215 1438 270 1485 εἴ
307 1453 366 1486 τε
414 1434 481 1486 οὐ
529 1432 676 1502 λήξει
721 1434 782 1486 τὸ
830 1441 925 1502 τῆς
972 1433 1154 1503 ὀργῆς,
1202 1435 1398 1497 ὄψεταί
1432 1453 1513 1495 τις
1550 1431 1757 1503 ἡμέραν
1794 1434 1895 1501 τὴν

148 1542 190 1576 15
215 1520 497 1590 ἐπιοῦσαν,
538 1522 663 1574 οἵαν
702 1522 804 1574 οὐκ
839 1520 908 1574 ἂν
939 1523 1213 1589 βούλοιτο.
1269 1522 1389 1574 209.
1429 1522 1586 1574 ταυτὶ
1618 1518 1679 1574 δὲ
1711 1523 1896 1574 δίκαια

214 1610 314 1678 μὲν
353 1608 443 1662 καὶ
482 1614 876 1663 λυσιτελοῦντα
912 1617 989 1681 τῷ
1027 1630 1084 1664 τε
1124 1611 1348 1681 ἄρχοντι
1378 1619 1443 1680 τῇ
1482 1630 1540 1662 τε
1579 1612 1752 1678 πόλει,
1791 1611 1895 1663 θά-

213 1717 383 1751 νατον
423 1698 501 1767 δέ,
541 1699 614 1762 ὡς
650 1699 683 1767 ἡ
724 1701 881 1768 κοινὴ
923 1698 1056 1763 δόξα
1094 1708 1205 1752 τῶν
1243 1702 1551 1769 παρόντων,
1590 1698 1786 1768 ἔχοντα
1825 1705 1900 1772 τῷ

214 1786 447 1856 λέγοντι,
487 1788 763 1857 μαχόμενά
796 1807 858 1856 γε
896 1797 959 1859 τῇ
998 1795 1099 1841 τοῦ
1132 1790 1300 1857 ὄχλου
1330 1790 1605 1857 βουλήσει.
1667 1787 1757 1840 καὶ
1791 1789 1893 1858 γὰρ

215 1876 280 1944 δὴ
321 1877 410 1928 καὶ
451 1878 603 1930 λίθοι
642 1872 784 1944 ἦσαν
823 1877 924 1930 οὐκ
965 1876 1025 1930 ἐν
1063 1876 1266 1945 ὀλίγων
1305 1879 1509 1946 χερσίν,
1546 1882 1600 1929 εἴ
1632 1897 1714 1940 τις
1753 1875 1893 1940 ἐξαι-

148 1986 190 2018 20
214 1967 451 2033 τήσεται·
500 1968 558 2018 οἳ
600 1965 746 2028 ὅπως
794 1966 896 2018 οὐκ
943 1963 1030 2018 ἐπὶ
1076 1974 1191 2028 τοῖς
1229 1966 1465 2035 πρώτοις
1506 1964 1759 2019 ἐπέτοντο
1800 1965 1894 2035 ῥή-

214 2067 362 2121 μασι,
400 2059 591 2120 θαῦμα
629 2049 712 2121 ἦν.
790 2054 911 2106 210.
953 2056 1136 2106 ἔπειτα
1174 2060 1365 2122 θαῦμα
1404 2053 1609 2123 ἕτερον,
1650 2054 1795 2115 ὅπως
1825 2053 1892 2106 οὐ

213 2142 302 2194 καὶ
342 2150 606 2194 συνεῐπον
645 2143 698 2194 οἱ
737 2142 910 2204 οὕτως
959 2142 1343 2211 ἡσυχάσαντες.
1420 2141 1573 2194 τουτὶ
1623 2142 1683 2195 δὲ
1728 2140 1893 2212 ἔργον

124 2242 167 2285 R
189 2246 271 2285 132
305 2229 620 2300 ἀνθρώπων
654 2228 661 2301 Ι
695 2227 797 2299 μὲν
837 2231 1083 2299 οὐδενός,
1122 2236 1262 2283 θεοῦ
1305 2230 1369 2283 δέ
1396 2251 1546 2293 τινος
1576 2231 1664 2283 καὶ
1698 2231 1890 2299 Τύχης,

214 2317 307 2387 ἀφ’
377 2314 455 2371 ὧν
514 2317 605 2372 καὶ
674 2319 948 2387 θαλάττης
1002 2321 1168 2386 μανία
1229 2320 1537 2385 κοιμίζεται.
1629 2317 1894 2371 ἐντεῦθεν

148 2427 190 2460 25
216 2405 500 2475 εὐεργέτης
539 2406 896 2476 ὠνομαζόμην
937 2416 1048 2460 τῶν
1086 2427 1142 2460 τε
1182 2407 1248 2460 οὐ
1295 2405 1747 2474 βασανισθέντων
1791 2415 1891 2460 τοῦ

333 2540 357 2578 2
391 2534 497 2590 περί
526 2552 631 2581 τινα
663 2538 706 2581 L
804 2542 831 2580 4
865 2535 1066 2582 οὐδέναῖ
1159 2541 1183 2580 ’7
1216 2535 1544 2594 κεχαρισμένου
1576 2537 1620 2581 L
1724 2540 1775 2579 11
1809 2537 1892 2592 μὲν

214 2594 387 2637 inserui
412 2596 537 2638 eVL
630 2600 683 2638 12
715 2612 763 2640 τε
795 2597 849 2640 οὐ
882 2597 1042 2640 πολλοὶ
1066 2598 1111 2640 Β
1207 2600 1260 2639 13
1293 2594 1643 2652 μόνοινκεοτίρεί
1703 2594 1893 2653 χρόνοιν

214 2652 324 2696 libri
349 2653 440 2696 edd
518 2658 572 2697 14
596 2654 717 2709 λήξει
740 2655 791 2699 τὸ
818 2655 981 2711 scripsi
999 2668 1023 2698 e
1040 2656 1083 2699 L
1135 2654 1404 2709 κήξειετὸν
1450 2640 1628 2708 afflato
1645 2655 1823 2699 AGBP
1842 2655 1893 2698 in

215 2726 305 2766 quo
332 2728 355 2755 ο
379 2711 507 2767 prius
532 2712 581 2756 in
603 2726 679 2756 ras
703 2714 773 2756 m²
796 2714 886 2756 edd
957 2718 1010 2757 19
1037 2715 1222 2768 „malim
1247 2712 1561 2767 §gacvn'ffoavffl
1586 2713 1652 2756 Re
1725 2717 1782 2756 20
1807 2714 1891 2757 οὐκ

216 2770 291 2815 ἐπὶ
314 2777 410 2820 τοῖς
432 2771 631 2825 πρώτοις
654 2772 817 2828 scripsi
842 2787 867 2816 e
892 2773 1030 2817 BVL
1107 2772 1182 2816 ἐπὶ
1205 2779 1301 2821 τοῖς
1322 2773 1521 2826 πρώτοις
1544 2772 1628 2815 οὐκ
1652 2773 1781 2816 AGP
1801 2771 1891 2814 edd

265 2829 479 2887 πρώτοις]
506 2831 704 2885 πρώτοις
728 2832 812 2874 οὐκ
832 2833 875 2875 V
929 2836 981 2875 21
1007 2834 1172 2888 θαῦμα
1190 2829 1249 2874 ἂν
1266 2826 1323 2886 ἦν
1340 2832 1385 2874 Β
1402 2831 1513 2874 Ferr
1527 2830 1575 2872 in
1592 2844 1725 2887 marg
1740 2831 1841 2874 Mor

215 2893 270 2931 22
303 2887 348 2932 οἱ
371 2888 440 2932 Re
501 2886 529 2944 ἢ
556 2888 601 2932 οἱ
625 2890 736 2933 Fen·
758 2889 807 2932 in
831 2904 965 2946 marg
987 2890 1088 2933 Mor
1147 2887 1175 2944 ἢ
1199 2889 1307 2933 libri
1330 2890 1440 2933 Fen·
1522 2894 1578 2932 24
1603 2907 1656 2945 γρ
1681 2887 1892 2944 κουφίζε-

214 2963 290 2990 ται
313 2947 414 2991 Mor
505 2952 559 2991 25
592 2949 647 2991 οὐ
672 2950 700 3006 β
721 2949 772 2991 in
797 2950 850 2992 οὐ
876 2947 1256 3006 βασανισθέντων
1280 2948 1329 2990 in
1351 2961 1426 2991 ras
1450 2948 1587 2991 unius
1611 2948 1796 2992 lissterae
1821 2947 1893 2992 12⁸
