2026 3168
965 735 1058 790 III.

279 844 451 894 Oratio
497 844 620 911 πρὸς
665 843 779 903 τοὺς
823 843 967 904 νέους
1005 842 1114 909 περὶ
1151 851 1238 893 τοῦ
1276 844 1425 910 λόγου
1465 861 1593 907 quae
1631 846 1753 897 item
1792 845 1852 897 de

166 935 220 970 se
256 920 364 982 ipso
396 936 426 972 a
456 919 666 972 Libanio
706 934 819 971 sene
857 922 971 982 post
1009 918 1303 970 seditionem,
1334 919 1696 974 Antiochenam
1734 920 1853 967 anni

169 995 272 1042 387
308 987 392 1062 (cf.
430 1011 477 1056 p.
514 994 634 1054 276,
662 995 726 1041 11
747 985 842 1059 sq.)
883 994 1067 1055 scripta
1106 995 1203 1054 est,
1240 993 1292 1040 in
1330 993 1614 1042 universum
1653 992 1853 1055 quidem

167 1068 338 1119 eadem
383 1069 491 1117 fata
535 1067 713 1117 habuit
753 1083 878 1129 quae
916 1066 1039 1134 πρὸς
1076 1065 1192 1125 τοὺς
1229 1065 1390 1133 βαρὺν
1428 1065 1580 1118 αὐτὸν
1618 1064 1851 1120 καλέσαν-

165 1160 276 1206 τας,
322 1142 408 1190 sed
444 1142 593 1204 paulo
632 1141 795 1191 minus
832 1141 963 1193 lecta
1001 1140 1171 1203 itaque
1208 1140 1526 1203 paucioribus
1567 1156 1716 1203 quam
1761 1141 1853 1196 illa

165 1215 414 1268 codicibus
452 1217 649 1264 servata
687 1217 774 1265 est.
852 1215 978 1268 Sunt
1016 1215 1147 1266 enim
1187 1216 1279 1267 21:

281 1293 325 1337 1.
374 1288 691 1339 Ghisianus
738 1288 879 1338 RVI
910 1290 977 1341 43
1021 1281 1115 1355 (=
1149 1283 1212 1355 O)
1250 1304 1373 1340 saec.
1413 1284 1611 1354 XIJXH
1647 1289 1732 1342 fol·
1767 1290 1851 1340 77.

164 1363 291 1413 Vide
331 1378 481 1426 supra
517 1380 564 1425 p.
601 1365 671 1415 10
687 1378 758 1424 sq.
835 1361 1047 1415 Contuli.

278 1438 323 1487 2.
371 1437 746 1489 Monacensis
793 1453 863 1500 gr.
899 1437 1004 1490 483
1054 1429 1149 1503 (ττ-
1182 1429 1252 1503 A)
1291 1451 1413 1489 saec.
1447 1436 1492 1489 X
1530 1437 1614 1488 fol.
1649 1437 1720 1501 5',
1767 1437 1852 1492 sed

164 1526 367 1562 mancus
406 1513 502 1571 est3
542 1511 662 1562 folio
703 1511 835 1562 enim
872 1526 971 1563 uno
1007 1510 1139 1560 inter
1176 1511 1205 1558 5
1240 1512 1292 1562 et
1324 1511 1354 1565 6
1387 1512 1568 1564 amisso
1598 1512 1853 1573 perierunt

163 1584 313 1634 verba
348 1585 464 1635 inde
503 1600 533 1632 a
572 1581 850 1649 διαλέξομαι
886 1601 934 1647 p.
970 1586 1091 1646 269,
1112 1586 1140 1632 7
1181 1600 1336 1653 usque
1387 1584 1452 1635 ad
1497 1578 1666 1648 φαίητ’
1701 1581 1765 1638 ἂν
1802 1602 1851 1648 p.

167 1661 289 1720 274,
313 1661 361 1706 4.
430 1659 557 1707 Vide
596 1673 746 1722 supra
783 1675 830 1721 p.
867 1660 932 1708 15
953 1674 1022 1720 sq.
1102 1657 1316 1710 Contuli.

277 1734 324 1781 3.
362 1733 688 1785 Vaticanus
726 1724 1046 1785 Palatinus
1085 1749 1156 1796 gr.
1199 1733 1304 1784 282
1346 1725 1440 1798 (π
1473 1732 1537 1798 P)
1576 1747 1700 1783 saec.
1732 1732 1851 1780 XIV

163 1807 248 1855 fol.
285 1808 404 1854 164.
479 1806 606 1853 Vide
647 1821 798 1868 supra
835 1823 883 1868 p.
920 1807 988 1855 20
1006 1821 1075 1868 sq.
1155 1804 1368 1860 Contuli.

277 1882 323 1928 4.
377 1879 743 1931 Barbetinus
796 1880 849 1929 Π
902 1882 967 1928 41
1026 1874 1121 1947 (=
1168 1873 1235 1946 Β)
1290 1895 1412 1933 saec.
1463 1880 1556 1931 XV
1602 1881 1685 1933 fol.
1730 1882 1850 1930 193.

163 1953 290 2002 Vide
330 1970 478 2016 supra
516 1971 563 2017 p.
598 1955 666 2002 24
685 1969 755 2016 sq.
834 1952 1048 2002 Contuli.

276 2030 323 2078 5.
362 2027 846 2078 Vindobonensis
884 2028 1005 2090 phil.
1046 2044 1116 2092 gr.
1156 2026 1321 2079 XCIII
1360 2021 1453 2094 (π
1486 2021 1556 2094 V)
1596 2043 1719 2077 saec.
1751 2029 1850 2077 XII

163 2103 247 2150 fol.
283 2103 365 2152 39.
442 2101 568 2149 Vide
609 2117 761 2164 supra
797 2119 845 2165 p.
880 2103 948 2149 35
968 2117 1038 2164 sq.
1117 2099 1330 2150 Contuli.

278 2177 323 2224 6.
364 2176 808 2232 Laurentianus
844 2175 985 2230 LVII
1018 2177 1087 2225 20
1126 2190 1250 2224 saec.
1282 2175 1374 2223 XV
1413 2175 1497 2224 fol.
1534 2176 1652 2224 150.
1721 2176 1847 2224 Vide

163 2265 314 2312 supra
353 2266 399 2312 p.
435 2251 501 2301 39
521 2265 591 2312 sq.

280 2326 323 2372 7.
386 2322 652 2371 Patmius
700 2323 803 2371 471
859 2338 982 2371 saec.
1030 2322 1148 2370 XIV
1193 2323 1276 2371 fol.
1327 2324 1433 2371 50¹2
1510 2322 1636 2371 Vide
1699 2339 1848 2387 supra.

163 2414 208 2459 p.
251 2399 317 2445 41
337 2412 408 2459 sq.

276 2472 322 2519 8.
354 2470 679 2520 Vaticanus
726 2486 796 2534 gr.
831 2471 934 2518 939
987 2485 1110 2518 saec.
1142 2469 1234 2517 XV
1271 2470 1355 2518 fol.
1392 2470 1523 2518 148*
1567 2467 1846 2534 iterumque

163 2545 247 2592 fol.
292 2545 444 2605 195',
497 2544 585 2592 ubi
637 2546 805 2591 tamen
858 2544 1029 2591 statim
1078 2546 1192 2606 post
1244 2559 1420 2592 novem
1473 2544 1629 2593 lineas
1683 2545 1845 2594 verbis

163 2617 394 2677 συνόντες
431 2614 484 2666 δὲ
520 2635 568 2680 p.
603 2619 724 2678 269,
751 2618 781 2665 3
821 2617 1014 2666 desinit.
1091 2616 1217 2665 Vide
1257 2633 1405 2680 supra
1443 2635 1490 2680 p.
1525 2619 1594 2666 44
1612 2634 1682 2681 sq.

277 2693 323 2739 9.
354 2691 677 2740 Vaticanus
717 2707 787 2755 gr.
822 2691 889 2738 82
932 2706 1054 2739 saec.
1086 2690 1204 2738 XIV
1235 2691 1319 2739 fol.
1354 2692 1498 2740 330¹&
1538 2691 1663 2739 Vide
1696 2707 1846 2754 supra

163 2781 210 2826 p.
245 2765 313 2812 48
332 2781 402 2827 sq.

278 2840 359 2887 10.
390 2838 705 2887 Parisinus
736 2854 807 2902 gr.
835 2839 975 2886 3016
1010 2853 1133 2886 saec.
1158 2838 1249 2885 XV
1281 2839 1364 2887 fol.
1394 2840 1512 2887 153.
1545 2837 1670 2886 Vide
1695 2853 1845 2901 supra

162 2928 210 2973 p.
245 2912 312 2959 53
332 2926 401 2974 sq.
478 2912 519 2959 Ε
558 2914 699 2974 parte
738 2911 861 2959 mihi
899 2912 1109 2959 contulit
1149 2910 1387 2975 Georgius
1426 2912 1619 2974 Mayen.
