2026 3168
674 127 901 174 LIBAN'H
931 125 1272 173 ORAmONES
1710 127 1814 180 125

134 264 276 318 ὅπλα
320 262 783 334 ἀναιρουμένους,
833 256 916 326 οἷς
963 263 1122 332 ἰσχὺς
1165 264 1516 331 παραπλησία
1562 260 1631 314 δι’
1690 267 1816 315 ἴσον

130 361 263 406 πᾶσι
308 351 725 422 παραγενομένη
775 359 875 405 τοῦ
923 353 1145 421 χρόνου,
1190 351 1288 404 τὸν
1335 351 1457 420 ἄρτι
1503 351 1707 418 ἥκοντα
1748 352 1815 403 τὰ

131 450 290 510 σφῶν
329 439 618 509 ἐλέγξοντα
654 441 888 503 τούτους
925 444 1144 494 οἴεσθαι
1183 441 1317 508 μετὰ
1362 445 1583 492 θυσιῶν
1627 458 1685 492 τε
1723 440 1812 492 καὶ

130 529 322 582 αὐλῶν-
353 527 445 582 καὶ
486 538 667 599 χορῶν
706 528 1017 598 ἐπιστήσειν
1053 536 1170 590 ταῖς
1209 527 1428 596 ἀγέλαις
1458 536 1576 590 ταῖς
1615 527 1813 581 αὑτῶν.
1859 551 1882 581 4

127 619 336 687 ἤκουον
381 616 446 670 δέ
488 637 549 686 γε
594 618 731 686 πρὸς
777 610 861 680 οἷς
898 616 1200 685 ἐτεθεάμην
1234 618 1239 685 Ι
1275 623 1349 689 τῷ
1381 613 1482 685 μὲν
1516 615 1749 688 Ἀραβίῳ
1783 629 1824 672 R
1847 634 1901 673 61

129 705 440 778 λελουμένῳ
479 726 537 759 τε
575 705 666 759 καὶ
706 704 789 760 ἐπ’
829 707 1057 775 ἄριστον
1098 707 1237 759 ἰόντι
1270 706 1376 758 δύο
1404 705 1521 758 τινε
1551 706 1814 773 μισθωτὼ

128 796 386 865 βορβόρῳ
429 796 635 864 κρύψαι
682 795 743 847 τὸ
789 796 1105 863 πρόσωπον,
1145 796 1521 864 Παφλαγόνας
1569 794 1630 847 δὲ
1668 804 1814 864 τρεῖς

129 884 341 936 ἅπαντα
379 882 673 952 ἀδελφούς,
718 885 819 952 τὴν
857 884 1049 952 φύσιν,
1094 884 1198 951 τὴν
1244 883 1516 951 ἀμαθίαν,
1554 884 1656 952 τὴν
1694 885 1816 936 τόλ-

128 993 257 1041 μαν,
300 980 401 1025 τοῦ
449 973 696 1041 σώματος
740 973 807 1025 τὸ.
850 973 1038 1041 πάχος,
1083 973 1183 1025 τὸν
1222 972 1536 1040 Αἰγύπτιον
1576 972 1686 1025 ἀπὸ
1721 980 1816 1040 τῆς

131 1061 295 1129 εὐνῆς
333 1060 681 1130 ἁρπάσαντας
719 1059 808 1114 ἐπὶ
851 1062 911 1114 τὸ
953 1059 1130 1130 φρέαρ
1177 1063 1510 1130 κομίσαντας
1557 1060 1816 1130 ἐμβαλεῖν
1839 1083 1882 1115 10

131 1149 419 1218 ἀπειλῆσαι
457 1148 547 1203 καὶ
587 1149 824 1219 μέλλειν,
864 1151 912 1203 εἰ
950 1150 1022 1219 μὴ
1062 1135 1271 1219 ὀμεῖται
1301 1151 1404 1219 τὴν
1442 1151 1609 1203 πόλιν
1647 1148 1816 1203 ἐκλεί-

130 1249 274 1308 ψειν,
312 1237 403 1291 καὶ
443 1236 705 1307 ἐξέλιπεν,
744 1237 870 1292 ὥστ’
919 1239 996 1302 εἰς
1035 1239 1397 1292 Μακεδονίαν
1438 1239 1590 1307 ἥκων
1627 1237 1816 1308 ἕτερόν

129 1348 190 1380 τι.
219 1337 402 1382 ποιῶν
434 1325 750 1396 ἐτελεύτησε
787 1328 886 1381 τὸν
923 1330 1064 1395 βίον.

241 1415 326 1468 86.
373 1417 600 1478 Τούτοις
639 1415 877 1484 ἐμαυτὸν
913 1425 1169 1486 κατεῖχον
1202 1424 1319 1479 τοῖς
1352 1421 1650 1485 λογισμοῖς.
1703 1426 1816 1469 τῶν

133 1506 194 1558 δὲ
239 1505 342 1558 οὐκ
388 1504 730 1574 ἀντεχόντων
760 1514 1060 1574 Δσοφιστῶν
1105 1505 1207 1558 οὐκ
1248 1505 1317 1558 ἂν
1357 1510 1501 1558 οἶκοι
1541 1524 1607 1574 με
1645 1505 1816 1558 ταύτὰ
1840 1525 1881 1558 15

130 1595 405 1662 λεγόντων
429 1594 764 1662 δυνηθῆναι,
795 1595 1033 1663 χαλεπὸν
1056 1595 1159 1663 γὰρ
1193 1588 1335 1648 εἶναι
1366 1595 1596 1647 πολίτου
1620 1602 1816 1663 »τυχεῖν

131 1681 439 1750 ἐπαινέτου,
484 1683 543 1735 οἵ
585 1702 663 1750 γε,
710 1682 815 1736 κᾶν
861 1685 969 1737 σὺν
1015 1681 1144 1753 δόξῃ
1182 1684 1331 1752 παρὰ
1370 1691 1516 1752 σφᾶς
1554 1681 1821 1752 ἀφίκηταί

129 1791 231 1839 τις,
268 1779 577 1840 περιαιρεῖν
615 1791 674 1824 τε
711 1770 1047 1841 ἐπιχειροῦσι
1093 1770 1185 1824 καὶ
1223 1772 1368 1841 πάσῃ
1415 1771 1580 1841 τέχνῃ.
1615 1771 1815 1840 μικρὸν

130 1868 327 1927 ποιεῖν,
372 1858 462 1912 καὶ
508 1867 678 1912 ταῦτα
724 1860 925 1923 αὐτοὺς
963 1865 1267 1929 ληροῦντας
1309 1858 1571 1923 ἐπιδεῖξαι
1610 1862 1810 1926 βουλο-
1833 1880 1875 1912 19

130 1947 265 2017 μένη
290 1948 323 2016 ἡ
357 1948 502 2017 Τύχη
526 1957 668 2001 κινεῖ
698 1948 799 2015 μέν
829 1968 894 2016 με
925 1949 1063 2018 πρὸς
1092 1954 1308 2017 αἴτησιν
1338 1946 1528 2017 μηνῶν
1547 1947 1552 2020 Ι
1572 1949 1752 2001 τεττά-
1784 1961 1825 2004 R
1847 1965 1901 2004 62

133 2057 264 2107 ρων,
288 2035 521 2105 ἐφέντος
547 2037 610 2090 δὲ
639 2036 905 2106 βασιλέως
927 2035 1018 2089 καὶ
1048 2036 1183 2106 πρὶν
1213 2036 1244 2105 ἢ
1278 2045 1517 2106 χειμῶνα
1548 2038 1815 2107 ἄρχεσθαι

133 2126 253 2178 δεῖν
299 2123 593 2194 ἐπανήκειν
631 2126 879 2188 εἰπόντος
922 2125 1033 2195 ὁρῶ
1072 2126 1173 2194 μὲν
1211 2125 1379 2189 ὁδούς
1415 2145 1473 2179 τε
1511 2124 1603 2178 καὶ
1640 2126 1815 2188 πύλας

131 2214 225 2276 τὰς
256 2212 376 2283 ἐμοὶ
416 2214 701 2282 φιλτάτας,
743 2214 853 2283 ὁρῶ
894 2214 956 2267 δὲ
996 2214 1114 2283 ἱερά
1152 2234 1210 2267 τε
1248 2213 1338 2267 καὶ
1378 2215 1562 2283 στοάς,
1603 2214 1713 2284 ὁρῶ
1755 2211 1815 2267 δὲ

251 2327 379 2378 5ep.
407 2325 491 2366 396
613 2327 715 2379 9p.
743 2327 813 2377 94,
840 2327 893 2367 19

253 2422 275 2461 1
309 2416 679 2475 ἀναιρουμένους
702 2418 867 2475 scripsi
892 2418 994 2462 coll
1019 2417 1041 2460 I
1067 2422 1163 2472 162,
1184 2422 1238 2461 15
1255 2419 1296 2461 R
1357 2417 1664 2476 αἱρουμένους
1687 2419 1820 2464 AG'P

143 2477 224 2522 VL
284 2475 541 2533 ἡρημένους
563 2477 609 2520 Β
671 2476 946 2533 αἰρομένους
970 2477 1074 2520 coni
1094 2477 1162 2520 Re
1246 2483 1272 2520 2
1296 2494 1345 2534 ηι
1368 2477 1418 2521 in
1441 2476 1851 2535 παραγενομένηι

134 2535 184 2578 in
214 2549 289 2579 ras
315 2536 381 2580 L²
489 2541 514 2579 3
545 2536 737 2586 τούτους
767 2535 955 2580 οἴεσθαι
986 2538 1094 2579 ante
1124 2535 1206 2579 τὸν
1239 2536 1343 2592 ἄρτι
1365 2563 1424 2570 -
1449 2535 1688 2594 ἐλέγξοντα
1721 2536 1815 2580 col—

133 2593 332 2638 locanda.
363 2597 519 2638 censet
550 2594 707 2639 Gauda
748 2595 753 2654 Ι
796 2611 842 2639 τε
875 2610 950 2639 0111
981 2595 1024 2638 L
1055 2595 1158 2639 Mor
1188 2595 1255 2639 Re
1374 2602 1402 2639 4
1433 2612 1515 2653 χορ
1490 2596 1601 2653 ρῶν]
1634 2595 1814 2652 τυμπά-

135 2670 227 2697 νων
258 2653 360 2696 Mor
389 2654 458 2697 Re
485 2654 491 2711 1
534 2654 687 2698 αὑτῶν
717 2655 787 2698 Re
862 2655 1015 2698 αὐτῶν
1045 2653 1156 2697 libri
1185 2654 1296 2698 Fen·
1326 2655 1428 2698 Mor
1546 2660 1572 2699 5
1606 2652 1814 2728 ἀρραβίῳ

135 2712 179 2755 L
314 2717 339 2756 6
370 2712 493 2763 τινὲς
518 2714 562 2757 V
588 2714 594 2771 1
636 2714 788 2770 μισθὼ
819 2714 880 2757 τὼ
912 2714 956 2757 L
1092 2717 1117 2756 9
1147 2720 1229 2758 του
1262 2715 1472 2770 σώματος
1499 2714 1551 2758 τὸ
1583 2713 1732 2788 πάχος
1761 2714 1815 2756 ut

135 2769 365 2827 glossema
389 2730 667 2815 delendum?
663 2774 820 2816 censess
844 2772 999 2816 Gasda
1091 2777 1144 2814 12
1169 2770 1281 2816 ὥστε
1305 2773 1348 2816 L
1442 2777 1494 2816 15
1526 2771 1814 2830 ἀντεχόντων

139 2829 178 2874 0
203 2829 285 2872 sed
316 2829 424 2886 spir.
458 2831 506 2874 eia
535 2847 562 2874 ν
592 2846 651 2874 111.
684 2845 772 2875 rec.
808 2833 870 2887 (n)
899 2832 904 2888 Ι
932 2831 1003 2888 με]
1037 2846 1150 2886 μετα
1179 2831 1223 2874 L
1250 2833 1256 2889 Ι
1298 2838 1442 2875 ταῦτα
1475 2833 1565 2876 BL
1637 2790 1727 2875 x16
1757 2832 1814 2874 de

135 2900 269 2931 versu
298 2895 452 2945 τυχεῖν
483 2887 673 2934 πολίτου
702 2889 903 2947 χαλεπόν
936 2887 1028 2934 ἐστ’
1056 2888 1301 2934 ἐπαινέτου
1340 2891 1519 2948 cogitat
1548 2889 1815 2934 MSehmidt

136 2946 301 2990 Philol.
334 2946 376 2989 X
407 2951 490 2991 617
608 2953 660 2992 17
694 2948 814 3006 εἴγε
846 2949 890 2992 L
922 2950 968 2992 et
999 2962 1023 2992 e
1056 2949 1320 2993 coniecmra
1349 2950 1451 2992 Mor
1477 2951 1483 3007 Ι
1511 2947 1706 3005 ἀφῖκταί
1740 2949 1787 2994 Ο
