2026 3168
227 170 332 222 130
760 169 987 214 LIBANII
1019 169 1359 215 ORATIONES

223 326 315 372 μοι
354 306 453 374 τὴν
493 304 741 373 ἀνεψιάν,
792 311 1011 358 κεῖσθαι
1051 302 1112 358 δὲ
1150 306 1248 358 τὸν
1284 312 1448 359 θεῖον
1487 305 1548 359 ἐν
1593 307 1767 378 τέφρᾳ
1811 317 1906 378 τῆς

232 395 408 463 Τύχης
445 395 545 462 τὴν
585 386 749 462 αὑτῆς
789 395 1227 463 διαφθειρούσης
1266 396 1445 448 δόσιν·
1486 396 1552 448 οὐ
1593 398 1696 466 γὰρ
1734 395 1806 449 ἔτ’
1835 393 1905 465 ἦν

223 503 316 549 μοι
354 482 674 554 βουλομένῳ
712 484 812 551 τὴν
850 485 1014 536 πόλιν
1053 485 1199 551 ἔχειν
1235 483 1495 550 μέλλοντί
1536 505 1596 553 γε
1644 484 1766 537 ἀντὶ
1811 493 1906 554 τῆς

223 571 483 639 γυναικὸς
521 571 618 623 τὸν
657 570 866 640 ἐκείνης
904 573 1143 635 ὄψεσθαι
1188 572 1382 640 τάφον.
1458 573 1797 640 αἰσθομένου
1844 571 1906 627 δὲ

180 681 198 712 5
224 661 384 728 ἄμφω
411 667 522 736 ’τοῦ
563 663 725 712 θείου
773 661 863 713 καὶ
911 661 983 722 ὡς
1029 665 1149 729 εἴην
1198 661 1389 730 κύριος
1439 660 1765 715 ἐπανελθεῖν
1814 663 1905 715 καὶ

223 749 294 810 ὡς
326 749 427 801 οὐκ
459 747 723 817 ἐθέλοιμι,
755 749 845 801 καὶ
876 751 1064 818 τρίτον
1096 769 1174 818 γε,
1211 750 1369 818 διότι,
1409 749 1499 802 καὶ
1532 751 1907 819 δακρύσαντός

222 856 306 905 γε,
359 838 407 889 εἰ
445 836 572 904 μηδ’
612 836 640 889 ὃ
680 840 853 904 μόνον
900 838 1047 909 αὐτῷ
1094 839 1452 907 παραμύθιον
1498 841 1762 908 λείποιτο,
1811 847 1906 908 τῆς

223 924 366 993 ἐμῆς,
389 925 581 978 ἀκούοι
621 934 835 995 φωνῆς,
875 927 964 979 καὶ
1004 934 1440 995 κατηγοροῦντος
1478 925 1539 979 ἐν
1577 928 1905 997 γράμμασιν,

178 1030 196 1060 9
222 1015 271 1066 εἰ
316 1015 388 1082 μὴ
434 1016 706 1084 κινοίμην,
758 1017 982 1085 ἔρχομαι
1021 1015 1139 1084 μέν,
1190 1016 1290 1084 οὐχ
1329 1014 1491 1086 ὁμοίᾳ
1529 1013 1590 1068 δὲ
1637 1017 1726 1069 καὶ
1773 1019 1906 1086 πρό-

132 1115 174 1157 R
197 1119 251 1158 68
283 1122 446 1171 τερον
483 1111 548 1172 τῇ
587 1111 759 1173 ψυχῇ,
812 1102 941 1155 ἀλλὰ
979 1105 1098 1156 τότε
1135 1103 1237 1170 μὲν
1278 1105 1438 1174 ἱλαρᾷ
1475 1123 1532 1156 τε
1570 1102 1661 1156 καὶ
1696 1108 1702 1170 Ι
1738 1105 1907 1158 εὐθυ-

221 1190 483 1261 μουμέν-ῃ,
523 1191 758 1260 ὕστερον
798 1188 858 1244 δὲ
897 1192 1064 1261 ἄχους
1097 1211 1155 1244 τε
1193 1190 1330 1262 πλέα
1360 1190 1450 1244 καὶ
1484 1192 1904 1265 διατεθυμμένῃ.

222 1279 306 1332 96.
361 1280 449 1332 καὶ
496 1281 601 1350 γὰρ
641 1275 711 1332 αὖ
750 1281 886 1350 πρὸς
923 1289 1038 1342 τοῖς
1078 1281 1240 1343 ἰδίοις
1287 1281 1413 1350 ζάλη
1461 1299 1543 1343 τις
1590 1284 1905 1351 κατειλήφει

220 1370 280 1421 τὸ
320 1371 528 1437 κοινόν,
576 1369 712 1438 ὀργὴ
751 1369 1016 1435 βασιλέως
1055 1370 1131 1431 εἰς
1170 1371 1350 1438 φόνον
1387 1373 1764 1438 προελθοῦσα·
1815 1371 1905 1424 καὶ

222 1458 279 1510 οἱ
311 1454 414 1524 μὲν
453 1460 678 1526 ἔκειντο,
716 1460 846 1520 τοὺς
885 1454 947 1510 δε
987 1456 1060 1519 ὡς
1090 1460 1371 1526 κτείνειεν,
1412 1459 1624 1526 ἔδησεν,
1665 1460 1906 1522 απαντας

156 1567 197 1599 15
221 1545 490 1614 ἀγαθούς·
545 1545 606 1599 ἐν
652 1539 756 1654 οἷςἓν
779 1566 867 1598 και
914 1547 1011 1598 τὸν
1051 1545 1285 1612 ἐμαυτοῦ
1327 1547 1656 1600 διδασκαλον
1695 1547 1902 1618 ἑώρων·

221 1630 401 1702 ἦλθον
439 1636 542 1704 γαρ
584 1636 651 1703 δὴ
691 1629 861 1704 οὗπερ
903 1633 1171 1703 ἐδέδεντο,
1210 1655 1300 1687 και
1331 1636 1428 1688 τὸν
1461 1636 1633 1689 οὐδὸν
1663 1636 1905 1706 ὑπερβὰς

219 1725 404 1776 πεσὼν
458 1723 829 1793 ὠλοφυρόμην
884 1722 944 1775 ἐν
996 1731 1165 1776 πᾶσιν
1221 1723 1591 1794 ὀδυρομένοις.
1667 1723 1757 1777 καὶ
1810 1732 1905 1793 τῆς

221 1812 509 1882 ὑστεραιάς
548 1811 805 1865 έλέλυντο
837 1812 927 1864 καὶ
959 1811 1171 1880 ἐγένετο
1205 1811 1335 1875 δόξα
1368 1817 1751 1866 συνεισελθεῖν
1781 1814 1906 1866 τινά

220 1921 313 1967 μοι
351 1910 463 1954 τῶν
502 1903 799 1968 βελτιόνων
840 1902 1134 1969 δαιμόνων,
1181 1900 1278 1970 ὑφ’
1318 1896 1384 1954 οὗ
1432 1907 1801 1972 στορεσθῆναι
1838 1903 1903 1956 τὰ

156 2010 198 2040 20
222 1990 446 2056 κύματα.
524 1990 609 2042 97.
662 1998 757 2058 τῆς
796 1990 856 2042 δὲ
895 1988 1154 2057 ἐπιούσης
1190 1990 1506 2059 προσειπὼν
1542 1991 1640 2042 τὸν
1677 1990 1904 2059 βασιλέα

223 2079 482 2148 δεύτερον
532 2078 778 2146 αἰτηθεὶς
825 2080 1008 2146 λόγον,
1064 2079 1211 2130 ἄκων
1257 2077 1373 2146 μέν,
1429 2080 1584 2151 φόβῳ
1632 2075 1691 2131 δὲ
1737 2077 1903 2146 ἐγκω-

221 2167 387 2233 μιάζω
439 2167 619 2238 κύκλῳ
670 2169 1107 2236 περιερχόμενος·
1161 2167 1251 2219 καὶ
1300 2175 1480 2236 παρῆν
1525 2164 1626 2233 μὲν
1672 2167 1701 2220 ὁ
1751 2168 1902 2219 διδοί-

342 2345 396 2382 13
435 2340 517 2396 Ep.
554 2345 686 2383 3942„
731 2341 880 2384 Amm.
914 2340 1055 2384 Marc.
1088 2340 1194 2384 XIV
1227 2345 1264 2393 7,
1300 2346 1324 2384 2
1477 2345 1529 2383 15
1574 2338 1802 2398 Ζηνόβιον
1842 2340 1898 2383 cf.

221 2413 265 2454 p.
295 2403 390 2452 132,
417 2404 441 2441 9
475 2401 522 2442 et
554 2413 623 2455 ep.
650 2403 734 2442 407
858 2404 911 2443 16
946 2398 1029 2443 Od.
1061 2402 1100 2443 θ
1123 2404 1192 2444 80.
1226 2415 1260 2443 π
1284 2404 1338 2442 41

343 2565 395 2603 19
428 2559 542 2613 δόξα
575 2564 847 2617 συνεισῆλθε
879 2559 1093 2617 δηλονότι
1125 2561 1186 2610 ὡς
1215 2560 1309 2604 ἀπὸ
1342 2566 1502 2621 κοινοῦ
1536 2560 1579 2603 V

1482 2642 1543 2657 &xv

342 2741 366 2778 2
401 2737 542 2791 αὐτῆς
561 2738 641 2780 VL
669 2738 674 2792 Ι
703 2737 1074 2793 διαφθειρασηςῗ
1165 2742 1192 2779 4
1224 2710 1322 2781 ἐκεί
1341 2738 1397 2789 L,
1424 2736 1504 2779 sed
1530 2753 1570 2795 ν
1595 2736 1663 2779 m²
1754 2741 1779 2779 6
1804 2735 1899 2792 τρί-

222 2811 302 2838 του
335 2795 473 2838 AVL
565 2800 587 2837 7
622 2793 799 2839 λίποιτο
819 2797 862 2839 V
888 2798 934 2839 et
965 2809 1066 2839 corr
1095 2795 1144 2838 in
1171 2793 1371 2839 λείποιτο
1397 2795 1463 2839 L²
1558 2778 1609 2838 '11
1644 2797 1897 2852 διατεθυμ-

222 2853 334 2912 μένῃ
367 2854 529 2909 scripsi
561 2854 827 2897 auctoribus
859 2855 926 2897 Re
959 2856 1006 2898 et
1037 2854 1208 2898 Cobeto
1232 2854 1399 2897 Mnem
1425 2854 1487 2896 IH
1513 2858 1596 2896 249
1630 2854 1732 2899 coll
1755 2854 1896 2898 Anth

222 2912 319 2956 Pal.
339 2912 380 2956 V
400 2918 496 2966 131
526 2918 551 2955 ι
587 2913 710 2988 ψυχὴ
741 2912 992 2969 τυφομένη,
1025 2913 1112 2956 etsi
1143 2913 1386 2957 veritatem
1416 2913 1629 2956 lectionis
1661 2915 1899 2969 praestare

222 2971 329 3015 nolo
392 2971 723 3030 διατετυμμένῃ
754 2972 862 3015 libri
894 2972 985 3015 edd
1071 2977 1123 3015 12
1156 2970 1224 3022 τίς
1248 2973 1292 3015 Β
1378 2976 1432 3014 14
1463 2970 1688 3016 κτείνοιεν
1712 2973 1758 3015 Β
