2026 3168
679 127 908 172 LIBANII
939 127 1282 173 ORATIONES
1716 129 1824 181 283

147 265 308 318 Οὐδὲν
345 266 535 331 καινὸν,
581 261 619 316 ὦ
658 267 856 332 βασιλεῦ
896 261 971 334 (Π
994 269 1119 328 463,
1147 260 1225 335 1);
1279 267 1378 316 des.
1416 266 1597 326 αὖτοὺς
1639 279 1824 333 πεπρα-

141 342 298 393 κότων
334 345 435 400 τοῖς
473 340 669 406 ἐχθροῖς
707 335 782 408 (ΙΙ
814 334 1056 408 465,10)

293 418 322 465 9
363 416 615 480 Λιβανιου
653 421 741 465 τοῦ
772 419 1028 479 Σοφιστοῦ
1060 413 1198 481 Πρὸς
1228 413 1520 464 Εὐστάθιον
1558 413 1643 463 τὸν
1681 417 1825 482 Καρα

141 489 283 555 λόγος
314 505 426 538 cum
453 490 701 539 nonnullis
732 489 1022 538 lectionibus
1047 489 1440 551 discrepantibus
1472 489 1652 538 codicis
1679 488 1825 539 Otto-“—

141 563 343 613 boniani
383 565 450 612 69
492 557 785 630 (‚,Otthob.“)
801 558 843 631 1)
883 565 934 612 et
970 565 1194 612 versione
1233 563 1392 611 latina
1431 556 1551 630 (10)

254 639 318 686 11
362 635 499 703 Πρὸς
538 635 785 686 Νικοκλέα
840 635 950 703 περὶ
994 637 1309 703 Θρασυδαίου
1326 631 1367 704 2)
1418 637 1560 702 λόγος
1598 633 1664 701 ιβ’
1715 653 1825 685 eum

130 713 362 760 *versione
401 712 558 760 latina
598 705 881 778 (15—18).

248 785 329 834 Ad
359 783 510 849 ἕτεροι
535 779 593 852 (t.
611 774 807 847 11'230,
829 779 883 852 1)
907 787 961 834 in
983 787 1206 849 margine
1238 785 1349 833 folii
1374 786 1440 832 12
1467 784 1705 847 scriptum
1730 787 1826 834 est:

137 856 300 925 ἕτερον
345 860 520 921 legitur
555 862 610 908 in
652 859 766 908 0οά.
804 860 912 908 Pal.
952 875 984 908 a
1022 874 1114 920 quo
1159 861 1285 908 hane
1330 861 1596 908 orationem
1623 861 1826 920 aceepi-

136 949 273 992 mus,·
323 934 378 981 in
429 934 652 997 margine
697 934 808 981 folii
851 935 916 982 13
966 934 1030 982 ad
1065 951 1113 996 p.
1155 935 1278 994 234,
1302 935 1360 980 4:
1410 931 1495 981 Ad
1547 947 1686 982 oram
1723 934 1824 982 Ms.

142 1006 258 1056 God.
312 1009 486 1069 legitur
539 1009 705 1056 eadem
757 1023 910 1076 manu
971 1002 1109 1071 οἶμαι
1161 1006 1339 1065 οὕτωςτ
1399 1004 1482 1055 καὶ
1533 1006 1823 1073 παρατάξας.

138 1079 353 1146 ἐγκαλῶν
392 1078 458 1129 δὲ.

253 1157 318 1204 19
359 1154 482 1220 πρὸς
519 1154 810 1219 Εὐμόλπιον
848 1155 991 1220 λόγος
1029 1155 1079 1204 ιδ
1118 1172 1229 1203 cum
1266 1155 1491 1204 versione
1530 1154 1690 1203 latina>
1726 1148 1822 1221 (23

138 1223 323 1296 —26).
394 1230 452 1276 In
490 1230 574 1277 fol.
612 1232 686 1278 19-
719 1230 782 1277 ad
829 1229 986 1279 πόνον
1025 1223 1083 1297 (t.
1117 1230 1168 1277 Π
1208 1230 1330 1293 366,
1358 1222 1451 1295 16)
1497 1229 1704 1293 legitur:
1757 1228 1825 1277 In

137 1304 244 1352 Pal.
278 1302 469 1352 Codicis
499 1307 627 1352 teoetu
659 1307 726 1352 est
755 1303 913 1353 πόνον
945 1307 996 1352 at
1026 1305 1192 1355 eadem
1221 1318 1376 1352 manu
1404 1305 1825 1363 suprarepositum

135 1378 310 1438 leqitur
346 1376 515 1442 πόρον.

249 1453 315 1498 27
358 1448 466 1516 περὶ
490 1457 576 1499 τοῦ
600 1449 821 1515 πλέθρου
845 1450 987 1517 λόγος
1004 1467 1116 1499 cum
1133 1453 1355 1499 versione
1380 1450 1537 1499 latina
1554 1443 1823 1517 (29—31)

250 1525 317 1572 33
358 1523 481 1590 πρὸς
525 1523 832 1590 Τιμοκράτην
878 1541 989 1573 eum
1026 1525 1251 1574 versione
1297 1525 1454 1573 latina
1502 1518 1595 1590 (35
1639 1527 1689 1572 et
1729 1517 1822 1591 36)

249 1599 315 1647 38
357 1598 479 1664 πρὸς
524 1597 640 1657 τοὺς
674 1594 934 1664 Ἀντιοχεῖς
979 1597 1089 1664 περὶ
1127 1606 1214 1663 τῆς
1260 1606 1346 1648 τοῦ
1393 1596 1629 1663 βασιλέως
1674 1595 1825 1663 ὀργῆς

138 1688 248 1721 cum
286 1674 510 1721 versione
548 1674 710 1721 latina
749 1667 1015 1740 (42—45)

249 1747 316 1794 46
358 1745 467 1811 περὶ
498 1753 595 1795 τῶν
627 1746 918 1812 φαρμάκων,
950 1747 1092 1813 λόγος
1123 1744 1179 1795 ιε’
1225 1763 1338 1795 cum
1369 1747 1620 1795 nonnullis
1652 1746 1822 1795 lectio-

137 1819 281 1868 nibus
332 1820 720 1883 discrepantibus
775 1821 956 1870 codicis
994 1820 1230 1869 Vaticani
1280 1822 1346 1868 81
1401 1814 1543 1888 (00⁶1.
1594 1813 1723 1886 Vat.)
1775 1823 1824 1868 et

136 1894 359 1942 versione
398 1895 557 1943 latina
597 1888 864 1962 (48—49)

250 1969 318 2016 50
358 1967 481 2034 πρὸς
512 1966 770 2017 Πολυκλέα
801 1968 943 2034 λόγος
981 1965 1054 2016 ιθ’
1093 1985 1203 2017 cum
1241 1969 1491 2017 nonnullis
1529 1968 1823 2017 lectionibus

138 2041 530 2104 discrepantibus
577 2043 799 2091 codicum
839 2042 1160 2091 Ottoboniam‘
1201 2044 1267 2091 69
1311 2035 1542 2109 (Otthob.)
1590 2046 1640 2091 et
1678 2042 1822 2091 Pala-

137 2115 232 2163 tini
257 2117 360 2164 282
381 2110 536 2183 (Pal.)
564 2119 614 2165 et
636 2119 859 2165 versione
884 2118 1042 2164 latina
1065 2117 1325 2179 inscripta:
1350 2117 1557 2165 Libcmii
1571 2116 1823 2177 Sophistae

137 2190 203 2237 ad
239 2190 479 2252 Polyclem
519 2191 685 2239 Oratio
724 2191 983 2239 Leonardo
1020 2190 1215 2239 Adamo
1260 2193 1515 2251 interprete
1554 2183 1820 2257 (52—54)

251 2264 317 2311 56
358 2260 481 2329 ὑπὲρ
518 2265 794 2313 Θαλασσίου
827 2264 969 2330 λόγος
997 2264 1098 2313 Ine.
1125 2257 1429 2330 Ὑβρισθέντι
1462 2258 1519 2331 (t.
1544 2265 1596 2312 II
1623 2265 1744 2326 388,
1765 2257 1820 2330 1)

139 2337 236 2387 des.
276 2335 329 2385 τὸ
368 2344 566 2403 πρᾶγμα
605 2338 769 2387 δοκεῖν
808 2332 957 2405 (415,
983 2332 1041 2405 6)
1081 2354 1192 2386 cum
1230 2340 1455 2387 versione
1501 2339 1660 2386 latina
1699 2331 1819 2405 (60)

250 2412 315 2458 62
372 2409 493 2459 κατὰ
541 2407 752 2478 Ἰκαρίου
813 2411 1035 2478 δεύτερος
1087 2428 1197 2460 cum
1250 2414 1473 2461 versione
1535 2413 1694 2460 latina
1746 2412 1840 2473 in<

137 2486 342 2546 scripta:
395 2486 601 2535 Liboenii
637 2486 887 2547 Sophistae
933 2489 1100 2535 eontra
1137 2487 1358 2535 Icarium
1399 2487 1565 2536 Oratio
1609 2487 1820 2535 secvmda

138 2558 397 2608 Leonardo
434 2558 628 2608 Adamo
666 2562 919 2620 interprete
959 2553 1225 2627 (64—65)

258 2761 299 2814 1)
332 2757 451 2802 Vide
483 2773 623 2816 supra
653 2775 698 2815 p.
732 2764 816 2803 222
835 2774 901 2815 sq.

256 2820 299 2873 2)
330 2817 457 2862 Haec
488 2818 804 2875 inscriptionis
842 2819 994 2862 forma
1026 2821 1079 2862 ut
1116 2819 1165 2862 in
1197 2819 1435 2863 Marciano
1467 2817 1566 2862 XCI
1590 2823 1631 2872 2,
1670 2831 1695 2861 e
1727 2830 1818 2873 quo

137 2873 512 2932 Bongiovannius
536 2878 746 2934 sumpsit,
775 2879 939 2931 exstat,
972 2877 1040 2922 ita
1064 2878 1113 2922 in
1137 2878 1479 2935 subscriptione
1503 2876 1709 2921 Palatini
1733 2881 1817 2920 282

138 2933 215 2977 fol.
248 2938 356 2979 129⁸*
385 2936 546 2980 manui
577 2937 839 2981 correctrici
872 2936 1080 2981 debetur.
