2026 3168
185 173 293 226 122
725 173 953 217 LIBANH
984 171 1325 218 ORATIONES

188 311 355 379 Τύχη;
387 310 447 362 τὸ
476 317 668 377 πτῶμα
695 307 823 377 ᾔδει
848 311 1237 377 γενησόμενον,
1269 307 1364 378 ὑφ’
1406 302 1447 382 ᾧ
1471 329 1538 378 με
1568 310 1657 362 καὶ
1690 309 1860 363 αὐτὸν

179 401 518 465 κεισόμενον.
596 393 850 450 λυποῦσα
892 398 959 465 δὴ
998 404 1224 450 τοιαῦτα
1269 399 1370 466 τὴν
1416 401 1690 468 σωτηρίαν
1737 398 1859 453 ε’πό-

178 490 288 557 ριζε
341 487 431 539 καὶ
486 485 866 555 ἀποστεροῦσα
919 487 1093 539 τόπου
1148 486 1297 548 τινὸς
1350 485 1619 557 ἐχαρίζετο
1670 495 1858 557 γῆρας,

177 574 291 629 ἐπεὶ
330 573 422 628 καὶ
461 575 521 627 τὸ
563 576 641 637 εἰς
678 575 780 643 τὴν
818 576 1079 642 μεγίστην
1117 593 1182 642 με
1217 576 1382 627 πόλιν
1413 572 1580 638 αὖθις
1610 576 1859 645 φέρουσα

131 683 150 716 5
176 663 433 731 ἐμβαλεῖν
487 664 553 716 οὐ
604 670 812 716 κακοῦν
862 662 1136 716 ἐθέλουσα
1185 661 1429 733 ἔπραττε,
1478 666 1647 717 κακὸν
1695 665 1759 718 δέ
1805 685 1857 718 τι

174 751 462 805 κάνταῦθα
510 751 725 820 ἰωμένη.
804 752 887 804 79.
943 751 1127 821 ὁρῶσα
1174 753 1277 821 γὰρ
1327 747 1396 804 αὖ
1443 755 1573 815 τοὺς
1617 753 1718 822 μὲν
1765 774 1859 807 κα-

174 843 431 911 κοηθείᾳ,
479 843 609 904 τοὺς
657 840 721 893 δέ
763 861 916 903 τινας
960 839 1052 894 καὶ
1099 840 1298 911 ἀγνοίᾳ
1336 842 1436 910 τὴν
1475 839 1691 895 ἐκεῖθεν
1730 842 1860 895 ἀνα-

172 931 415 998 χώρησιν
462 929 563 998 οὐχ
602 930 735 999 ὅπερ
775 925 868 997 ἧν,
919 933 1247 998 καλοῦντας,
1298 932 1568 999 τιμωρίαν
1607 932 1668 984 δὲ
1705 951 1859 999 μετο-

172 1018 508 1086 νομάζοντας
531 1016 623 1070 καὶ
647 1026 839 1087 ψῆφον
863 1027 958 1087 τῆς
981 1020 1210 1086 πόλεως,
1228 1017 1346 1072 ἀλλ’
1370 1019 1471 1072 οὐκ
1495 1018 1858 1090 ἐργαστηρίου

106 1127 149 1159 10
173 1114 421 1176 πονηροῦ
460 1126 609 1169 τινος
649 1106 926 1177 ἐπήρειαν,
966 1104 1131 1175 εἶδεν,
1172 1108 1243 1170 ὡς
1283 1106 1366 1160 ἑνὶ
1405 1110 1555 1180 μόνῳ
1595 1107 1744 1162 τοῦτ’
1789 1107 1859 1162 ἂν

173 1193 525 1264 ἐξαλειφθείη
580 1196 641 1248 τὸ
698 1197 945 1265 αἰσχρόν,
999 1197 1048 1249 εἰ
1095 1196 1201 1249 ὑπὸ
1249 1204 1345 1264 τῆς
1395 1199 1605 1260 πόλεως
1655 1192 1854 1268 αὖθιςΙ

83 1296 200 1340 R57
233 1283 508 1354 θηραθεὶς
554 1283 780 1354 ἐχοίμην
827 1283 888 1337 ἐν
934 1285 1108 1338 ἅπασί
1150 1305 1207 1337 τε
1254 1278 1336 1348 οἷς
1382 1283 1700 1354 ἔμπροσθεν
1740 1291 1859 1354 εἴην

172 1372 313 1426 νέων
358 1372 420 1426 τέ
462 1393 631 1426 τινων
681 1373 791 1426 ἐκεῖ
826 1373 996 1426 υἱέων
1035 1377 1473 1444 περιεστηκότων
1510 1375 1763 1444 θεάτρων
1800 1374 1862 1428 τέ

175 1482 268 1530 μοι
308 1461 708 1531 πληρουμένων
747 1460 843 1530 ὑφ’
891 1462 1105 1530 ἡλικίας
1144 1463 1368 1531 ἁπάσης.
1433 1463 1517 1515 80.
1557 1466 1736 1516 καίτοι
1766 1462 1858 1516 καὶ

106 1571 148 1604 15
172 1550 343 1603 πλέον
380 1570 432 1603 τι
471 1551 537 1603 τὰ
575 1552 698 1603 τότε
738 1547 867 1620 εἶχε·
908 1559 1018 1603 τῶν
1057 1552 1161 1620 γὰρ
1203 1552 1270 1619 δὴ
1311 1550 1595 1621 ἀρχόντων
1642 1549 1725 1603 ἀεὶ
1756 1558 1856 1603 τοῦ

174 1638 435 1709 δευτέρου
475 1640 574 1692 τὸν
611 1641 886 1710 πρότερον
924 1646 1042 1702 ταῖς
1082 1641 1159 1702 εἰς
1210 1636 1300 1708 ἐμὲ
1349 1640 1618 1702 σπουδαῖς
1663 1658 1720 1692 τε
1767 1640 1857 1692 καὶ

170 1736 352 1797 τιμαῖς
390 1730 686 1797 παριόντος
719 1727 748 1781 ὁ
781 1727 1034 1797 τέταρτος
1070 1726 1262 1790 Φοίνιξ
1296 1727 1433 1798 ἀνὴρ
1466 1729 1573 1780 ὑπὸ
1607 1729 1858 1798 Χαρίτων

171 1817 590 1886 κυβερνώμενος
631 1817 807 1885 δόγμα
844 1815 1186 1886 ἠμελημένον
1226 1816 1554 1869 ἀνανεοῦται
1593 1825 1687 1885 τῆς
1726 1819 1857 1884 βου-

173 1909 284 1974 λῆς,
331 1904 422 1958 καὶ
468 1907 729 1973 βασιλεὺς
776 1905 1077 1974 συνησθεὶς
1122 1913 1186 1975 τῇ
1233 1907 1392 1957 πόλει
1429 1913 1656 1957 τοιαῦτα
1694 1914 1858 1973 ψηφι-

105 2014 148 2046 20
174 1993 366 2063 ζομένῃ
421 1996 643 2064 μυρίαις
697 2013 763 2063 με
815 2003 1146 2063 κατακοσμεῖ
1208 1995 1460 2063 δωρεαῖς,
1516 1989 1594 2046 ὧν
1649 1994 1702 2045 αἱ
1757 1994 1857 2061 μὲν

291 2202 316 2240 6
349 2197 415 2241 Cf.
449 2198 563 2241 Eun.
598 2198 676 2242 vit.
712 2203 736 2252 ξ
763 2203 788 2241 6
911 2203 935 2242 9
969 2197 1097 2241 Dem.
1132 2198 1231 2241 adV.
1267 2198 1488 2241 Pantaen.
1522 2202 1577 2241 39
1609 2213 1653 2254 p.
1681 2201 1780 2251 978,
1807 2201 1853 2251 63

172 2257 272 2300 adv.
302 2257 459 2301 Boeot.
493 2263 518 2300 2
552 2273 597 2314 p.
625 2263 723 2311 995,
750 2262 798 2311 83
834 2262 960 2310 1010,
996 2263 1051 2301 24

291 2438 315 2476 2
348 2431 634 2492 κεισόμενον]
669 2431 769 2494 ᾔδει
802 2434 1016 2491 δηλονότι
1043 2436 1086 2477 V

292 2630 314 2668 1
349 2622 435 2683 ῃδη
462 2626 504 2668 L
531 2628 536 2682 Ι
573 2625 715 2669 αὐτὸν
748 2623 848 2699 ῃδει
878 2625 1147 2682 πεισόμενον
1179 2625 1247 2668 Re
1278 2624 1417 2667 Anim
1506 2628 1565 2665 Q}
1588 2625 1785 2666 λιποῦσα
1810 2624 1854 2667 L

231 2688 258 2725 4
297 2699 349 2739 με
382 2698 457 2726 0111
489 2685 531 2727 L
572 2684 577 2742 Ι
621 2680 764 2733 αὖθις
793 2680 934 2739 ἦλθες
966 2683 1174 2740 φέρουσα
1206 2685 1249 2727 L
1363 2687 1388 2724 6
1421 2679 1481 2725 αὖ
1514 2695 1588 2724 0111
1615 2683 1708 2734 VL,
1744 2695 1852 2724 can-

172 2741 340 2786 cellare
373 2744 454 2785 aut
487 2757 590 2785 cum
627 2743 684 2799 δὴ
723 2745 903 2786 mutare
942 2744 1041 2786 vult
1073 2743 1227 2786 Gasda
1380 2746 1432 2784 10
1474 2739 1687 2784 ἐπίνοιαν
1720 2741 1764 2783 Β

175 2806 226 2845 11
251 2802 359 2857 post
384 2798 528 2851 αὖθις
550 2802 686 2845 inser.
712 2808 791 2857 τῆς
815 2802 1012 2859 μεγάλης
1034 2802 1148 2856 Mor,
1181 2801 1310 2844 uncis
1336 2800 1526 2844 inclusit',
1548 2800 1616 2842 Re
1710 2804 1763 2842 13
1786 2815 1851 2842 τι·

171 2867 289 2915 νῶν,
335 2867 426 2905 τῶν
474 2860 569 2904 ἐκεῖ
613 2863 847 2914 δυνατῶν,
894 2860 1031 2905 υἱέων
1079 2861 1146 2903 Re
1259 2874 1370 2902 num
1415 2866 1505 2902 τῶν
1551 2856 1712 2914 τιμίων
1761 2857 1856 2902 ἐκεῖ

169 2917 339 2963 νὶέωνὶ)
415 2917 554 2963 υἱέων
586 2919 710 2962 inser
740 2934 798 2962 m.
834 2921 926 2962 ant.
962 2921 1006 2963 A
1115 2923 1167 2962 15
1200 2916 1244 2962 τί
1277 2920 1321 2962 Α
1349 2919 1354 2975 Ι
1396 2915 1491 2961 τότ’
1515 2918 1558 2960 V
1658 2921 1710 2959 19
1744 2930 1851 2960 συν-

171 2979 334 3036 ησθεὶς
365 2991 439 3021 om
472 2979 517 3022 B
638 2983 693 3021 20
725 2994 778 3034 με
811 2992 885 3021 om
917 2979 1053 3022 APB
1081 2979 1086 3035 Ι
1126 2977 1421 3034 κατακοσμεῖ]
1456 2983 1731 3032 μετακοσμεῖ
1759 2976 1851 3018 ΑΒ
