2026 3168
666 119 895 163 LIBANII
925 117 1266 162 ORATIONES
1705 118 1808 171 193

127 256 250 311 ἀντὶ
288 263 388 310 τοῦ
429 256 530 309 οὐκ
571 256 780 319 εἰδότος
816 255 1012 322 θεούς,
1059 254 1219 317 εἰδὼς
1258 253 1379 308 οὐδ’
1418 254 1584 317 αὐτὸς
1620 255 1808 321 θεούς,

124 345 459 415 παραλαβὼν
496 345 597 413 τὴν
636 344 811 414 ἀρχὴν
848 350 1031 413 τρυφῇ
1071 340 1172 413 μὲν
1211 344 1289 405 εἰς
1324 344 1527 413 σάρκας
1566 342 1807 411 ἐπιδούς,

126 428 216 488 οἷα
269 433 327 487 ἐκ
375 437 582 501 πολλῆς
637 434 855 501 οὐσίας,
908 433 942 501 ἡ
994 429 1055 485 δὲ
1109 431 1324 495 ἀδικίας
1373 429 1540 502 ἔργον
1588 427 1675 500 ἦν,
1730 431 1810 485 ὢν

124 524 288 576 τοῦδε
349 521 731 591 ἀνοητότερος,
802 521 1040 583 ἀκούσας
1108 522 1180 590 μὴ
1242 523 1404 591 χείρω
1467 529 1648 575 ποιεῖν
1707 522 1810 590 τὴν

123 612 365 680 Δάφνην
411 608 548 679 μηδὲ
596 610 879 680 ἐπιφέρειν
924 613 1278 679 κυπαρίττοις
1324 611 1555 679 σίδηρον
1609 609 1810 681 ἐχθρός
1856 631 1875 664 5

122 718 181 753 τε
217 696 288 768 ἦν
325 699 415 752 καὶ
455 698 708 769 ἐπειρᾶτο
747 698 888 767 τάμὰ
917 702 1200 767 καθελεῖν,
1241 708 1430 768 πρῶτα
1461 696 1562 767 μὲν
1585 698 1810 752 Ἰταλῶν

124 796 301 859 φωνῇ,
348 790 481 856 μετὰ
526 796 697 841 ταῦτα
744 785 805 841 δὲ
850 787 942 841 καὶ
982 786 1222 857 Ἑλλάδι,
1268 790 1364 841 καί
1405 807 1530 841 τινα
1582 786 1810 841 ἀσθενέ-

123 891 341 946 στατον,
392 877 466 940 ὡς
516 878 583 946 δὴ
637 878 1012 948 ἰσχυρότατον,
1063 876 1345 939 ἀποδύσας
1399 875 1614 930 ἐκέλευε
1666 882 1810 930 θεῖν.

123 964 247 1018 256.
299 965 328 1019 ὁ
381 962 442 1018 δὲ
493 966 598 1034 ἄρα
647 964 944 1035 ἐπεπέδητο
994 964 1086 1018 καὶ
1135 962 1206 1034 ἧν
1254 967 1479 1034 ἄφωνος
1525 965 1699 1028 εὐθὺς
1749 963 1811 1018 ἐν

121 1056 449 1125 προοιμίοις,
503 1055 814 1124 κερδαίνων
866 1055 968 1124 μὲν
1022 1053 1084 1108 ἐν
1136 1062 1202 1124 τῇ
1258 1062 1460 1124 σιωπῇ,
1514 1062 1692 1108 κινεῖν
1746 1051 1808 1106 δὲ
1833 1077 1876 1108 1ο

124 1144 269 1210 ὅμως
306 1148 553 1210 γλῶτταν
593 1143 996 1197 ἀποθανοῦσαν
1033 1144 1384 1213 πειρώμενος.
1446 1143 1479 1212 ἡ
1519 1139 1581 1195 δὲ
1616 1145 1810 1211 ἔκειτο,

121 1230 212 1285 καὶ
248 1230 254 1302 Ι
290 1231 456 1301 ἀχλὺς
486 1230 548 1285 ἐν
581 1230 839 1302 ἑκατέρου
870 1241 986 1294 τοῖς
1018 1235 1237 1301 ὄμμασι,
1264 1239 1364 1285 τοῦ
1396 1228 1496 1299 μὲν
1528 1231 1718 1285 ἀπιόν·
1747 1245 1789 1288 R
1815 1250 1901 1289 154

121 1340 230 1388 τος,
261 1328 362 1373 τοῦ
399 1318 461 1373 δὲ
490 1319 828 1389 καθημένου.
889 1322 1090 1389 ταύτης
1128 1330 1224 1390 τῆς
1263 1322 1418 1389 δίκης
1450 1319 1570 1374 οὐδ’
1609 1320 1679 1374 ἂν
1710 1322 1811 1390 τὴν

122 1410 214 1462 διὰ
251 1409 504 1462 θανάτου
545 1409 820 1479 προτέραν
859 1408 1212 1479 ἐποιησάμην.

234 1497 358 1551 257.
414 1496 558 1567 Περὶ
612 1495 674 1551 δὲ
720 1500 851 1561 τοὺς
898 1501 1136 1568 χρόνους
1181 1499 1414 1561 τούτους
1455 1498 1669 1562 ὑποψία
1706 1497 1809 1566 μέν
1834 1521 1876 1554 15

121 1606 203 1649 τις
256 1587 448 1650 ἄδικος
507 1595 620 1640 τῶν
672 1606 797 1641 τινα
858 1586 978 1654 ἐμοὶ
1039 1589 1494 1656 πεπλησιακότων
1555 1586 1811 1656 ἐξέμηνεν

122 1673 201 1727 ἐπ’
249 1674 358 1743 ἐμέ,
395 1675 488 1728 καὶ
524 1676 855 1746 προσπεσὼν
896 1676 1083 1746 ὕβριζε
1127 1679 1303 1743 μόνον
1349 1677 1451 1746 οὐχ
1498 1675 1674 1729 ἕλκων
1710 1678 1811 1730 τὸν

121 1761 176 1826 ἐξ
238 1762 388 1832 ἐμοῦ.
466 1763 738 1834 διέφυγον
800 1765 863 1818 δὲ
916 1765 1089 1818 αὐτὸν
1143 1765 1276 1818 οὐδὲ
1329 1763 1461 1838 ἐγὼ,
1490 1763 1582 1818 καὶ
1638 1772 1811 1818 ταῦτα

120 1851 279 1905 ἀπὼν
325 1851 557 1921 λέγοντά
603 1873 667 1921 γε
713 1853 926 1907 ἀδικεῖν
972 1873 1038 1922 με
1085 1862 1148 1924 τῇ
1190 1853 1404 1924 ἀτελείᾳ
1441 1854 1543 1922 τὴν
1581 1855 1811 1923 βουλήν,

121 1942 154 2008 ἤ
191 1961 286 2007 μοι
323 1942 457 2008 μετὰ
494 1951 715 2011 συχνῶν
751 1942 963 2012 ὑπῆρχε
999 1944 1147 2013 παρὰ
1184 1950 1284 1996 τοῦ
1323 1944 1513 2011 νόμου.
1564 1941 1687 1995 258.
1719 1942 1808 1996 καὶ
1833 1965 1877 1998 20

121 2030 442 2098 πρεσβεύων
480 2030 582 2099 μὲν
620 2029 709 2084 ἐπὶ
747 2032 965 2094 τούτοις
1003 2030 1186 2103 ᾤχετο,
1228 2040 1344 2094 ταῖς
1382 2029 1430 2084 δ’
1478 2032 1556 2094 εἰς
1586 2027 1679 2100 ἐμὲ
1709 2039 1809 2085 τοῦ

118 2116 386 2183 βασιλέως
429 2127 610 2185 τιμαῖς
648 2118 1011 2182 ταπεινωθεὶς
1058 2118 1419 2190 ἐπανήρχετο,
1457 2118 1550 2173 καὶ
1587 2115 1689 2188 ἧκέ
1724 2139 1808 2183 τις

241 2238 266 2276 5
300 2233 366 2277 Cf.
398 2249 442 2290 p.
472 2238 570 2288 195,
597 2239 622 2278 9
649 2249 715 2290 sq.

262 2343 287 2381 2
333 2338 618 2396 παραλαβὼν
659 2337 744 2394 τὴν
786 2336 1019 2397 βασίλειον
1062 2338 1209 2395 ἀρχὴν
1253 2338 1401 2383 citant
1439 2338 1602 2394 Georg.
1636 2339 1805 2396 Lacap.

120 2397 298 2452 Mosqu.
330 2397 397 2441 fol
428 2402 483 2441 56
523 2396 597 2453 (cf.
630 2412 674 2453 p,
703 2400 774 2455 73)
807 2399 854 2442 eb
886 2399 1046 2441 auctor
1076 2397 1226 2441 libelli
1258 2398 1316 2442 de
1347 2399 1514 2442 constr.
1548 2399 1618 2443 ed.
1651 2398 1806 2442 Herm.

122 2456 180 2500 de
212 2457 389 2500 emend.
421 2458 507 2500 rat.
541 2470 733 2513 gramm
768 2461 868 2511 381,
902 2462 955 2500 15
991 2457 997 2514 Ι
1041 2455 1189 2530 σάρκα
1217 2458 1299 2501 VL
1434 2462 1459 2501 3
1492 2475 1546 2515 γρ
1579 2454 1676 2502 οἷαι
1707 2458 1837 2501 Μοι·

121 2514 448 2590 inmarglv‘y]
484 2513 640 2560 &BV
694 2515 833 2572 oeLl
868 2515 1022 2572 δὴῘῘΙ
1059 2510 1337 2591 ἦνοΠιΒΙ
1372 2514 1691 2562 mvBetRe
1752 2513 1807 2560 ὧι

125 2574 163 2617 0
219 2570 254 2618 ὦ
277 2575 504 2619 AVFerr
534 2576 582 2618 et
610 2588 695 2631 per
723 2588 934 2619 rasuram
966 2588 1066 2618 corr
1096 2575 1146 2618 in
1178 2574 1202 2620 ὃ
1234 2577 1281 2620 Ρ
1338 2575 1363 2620 ὁ
1388 2577 1432 2621 L
1455 2576 1557 2620 Mor
1657 2579 1683 2619 8
1715 2574 1806 2632 ἤδη

132 2633 214 2676 VL
322 2638 378 2678 10
409 2640 466 2691 γῇ
498 2635 542 2678 L
649 2639 701 2678 11
735 2637 943 2691 γλῶσσαν
973 2634 1147 2679 ΑΟΡΒ
1254 2639 1308 2679 12
1341 2651 1396 2679 ου
1426 2635 1476 2678 111
1508 2633 1668 2691 ἑκατέρ
1671 2651 1727 2679 ου
1758 2634 1807 2678 111

121 2704 197 2734 ras
227 2691 292 2735 1³²
413 2697 467 2736 14
497 2690 725 2749 πρότερον
755 2695 799 2738 L
922 2697 976 2737 15
1008 2692 1066 2749 δὴ
1093 2694 1174 2738 VL
1200 2694 1207 2751 Ι
1249 2692 1332 2750 μέν
1364 2693 1519 2738 delere
1546 2652 1668 2738 vulto
1679 2695 1748 2738 Re

126 2753 178 2791 16
211 2750 384 2806 ἐξεμεῖν
416 2753 459 2796 L
588 2756 641 2795 19
681 2769 731 2809 γε
764 2752 929 2821 scripsi
960 2754 1147 2796 auctore
1177 2753 1246 2797 Re
1276 2753 1417 2796 Anim
1498 2769 1546 2797 τε
1585 2753 1814 2798 AC'PBV

124 2808 216 2851 edd
268 2823 344 2853 om
366 2810 411 2853 L
471 2810 627 2855 delere
657 2811 759 2855 vult
780 2812 888 2856 Re
874 2827 924 2855 m
956 2811 1068 2855 edit.
1153 2815 1208 2854 20
1239 2807 1268 2866 ἧ
1293 2814 1337 2857 L
1364 2816 1370 2868 Ι
1396 2812 1526 2867 παρὰ
1556 2812 1607 2855 111
1636 2811 1807 2856 lacuna.

122 2867 264 2910 trium
294 2867 557 2913 litterarum
587 2870 652 2914 Ρ8
686 2873 692 2926 Ι
730 2871 811 2914 καὶ
843 2871 919 2914 del
949 2871 1061 2914 Ferr
1090 2870 1140 2914 in
1170 2884 1306 2928 marg
1336 2885 1413 2915 om
1443 2871 1545 2916 Mor
1665 2875 1719 2914 21
1754 2871 1805 2914 δὲ

123 2927 166 2970 L
286 2931 340 2969 22
371 2923 472 2984 ἧκέ]
506 2926 648 2984 ἡνίκα
679 2931 723 2973 L
750 2931 756 2985 Ι
782 2930 868 2986 τις]
902 2935 982 2986 τῆς
1012 2926 1294 2987 ἀνυβρίστου
1326 2931 1370 2975 L

212 3009 339 3040 mes
319 3017 409 3041 mus
435 3010 492 3042 ed
516 3010 752 3043 Foster.
1486 3008 1539 3046 13
