2026 3168
106 1546 160 1584 22

196 138 305 190 220
738 126 965 182 LIBANII
996 138 1335 183 ORATIONES

309 279 439 326 357ν
478 277 711 343 ἕκφρασις
750 275 908 341 μέθης

309 353 413 400 358
657 392 660 395 ,
749 350 963 416 πολέμου

310 427 413 474 359
750 424 905 490 αὐλῆς
941 432 1027 490 τῆς
1066 424 1119 475 ἐν
1156 434 1221 475 τῶ
1260 427 1589 493 βουλευτηρίω

310 494 460 566 3611)
501 497 622 564 ὑπὲρ
661 506 757 547 τῶν
797 499 940 564 ἱερῶν
978 499 1048 558 εἰς
1085 498 1170 548 τὸν
1208 499 1407 565 βασιλέα
1445 501 1720 551 θεοδόσιον.

308 572 439 622 Ordo
479 575 772 635 orationum,
811 576 970 638 magis
1009 568 1177 622 tamen
1207 575 1441 623 lectiones
1472 578 1665 637 partem
1695 575 1875 624 codicis

196 663 254 694 ex
285 647 454 696 eodem
485 664 582 709 quo
607 647 821 695 Urbinas
853 664 923 710 gr.
953 649 1054 696 126
1083 650 1349 710 exemplari
1379 648 1574 698 fluxisse
1599 650 1876 698 ostendunt.

195 721 371 770 Manus
413 721 569 770 altera
609 715 702 788 (=
735 715 806 788 12)
847 723 1033 784 primae
1065 723 1289 784 proxima
1319 725 1510 771 textum
1546 724 1790 772 recensuit
1821 740 1878 771 ex

194 796 351 843 altero
391 795 555 844 codice
587 795 732 843 modo
771 797 1018 859 corrigens
1056 795 1201 844 modo
1234 797 1488 858 supplens,
1526 800 1722 858 praeter
1751 798 1878 846 hanc

195 869 345 917 etiam
385 885 559 917 manus
603 871 845 917 recentior
885 863 979 936 (=
1011 864 1081 936 13)
1122 872 1385 918 correctrix
1426 872 1655 919 cernitur.

304 943 374 991 Ut
402 945 505 990 iam
536 959 686 1005 supra
710 937 778 1010 (p.
807 937 936 1009 214)
971 946 1363 1005 commemoravi,
1394 944 1510 992 Ant.
1533 945 1877 1008 Bongiovanni

194 1017 469 1080 complures
494 1019 740 1065 orationes
764 1018 952 1079 primus
977 1033 1034 1064 ex
1057 1019 1149 1066 hoo
1174 1018 1337 1066 codice
1370 1018 1536 1066 edidit.
1588 1019 1694 1082 Ego
1719 1019 1877 1067 Vene-

191 1091 276 1139 tiis
316 1092 458 1140 annis
502 1086 821 1156 1868s1870
862 1108 971 1139 eum
1004 1094 1283 1140 examinavi
1321 1095 1371 1140 et
1409 1108 1537 1140 anno
1581 1093 1720 1142 1895
1764 1109 1877 1155 par·

192 1167 286 1213 tim
324 1164 659 1213 Vratislaviae
697 1166 883 1227 partim
921 1166 1106 1213 Romae
1144 1167 1306 1214 totum
1345 1167 1545 1215 contuli.

303 1239 373 1287 Ut
415 1240 498 1301 18,
541 1241 624 1302 19,
666 1241 749 1300 20,
797 1240 860 1287 ad
909 1255 1060 1303 genus
1100 1239 1322 1287 codicum
1363 1236 1776 1303 eeclogariorum',
1824 1241 1876 1287 in

195 1313 372 1374 quibus
396 1314 670 1375 monodiae,
695 1316 941 1361 orationes
968 1313 1031 1362 ad
1052 1313 1304 1362 Iulianum
1326 1315 1585 1376 ipsumque
1609 1314 1873 1362 Libanium

192 1387 511 1449 pertinentes,
535 1387 809 1451 Βασιλικός,
829 1382 1139 1452 Ἀντιοχικός,
1173 1383 1417 1448 ‘ethicae’,
1447 1385 1568 1453 ὑπὲρ
1600 1395 1698 1436 τῶν
1730 1384 1873 1454 ὄρχη-

197 1467 340 1524 στῶν,
379 1460 678 1525 Σωκράτους
716 1459 954 1526 ἀπολογία
991 1463 1296 1523 praevalent,
1335 1463 1579 1510 referendi
1617 1464 1752 1510 sunt:

309 1536 390 1583 18.
433 1534 593 1583 Codex
624 1535 997 1582 Monacensis
1030 1552 1100 1598 gr.
1138 1537 1237 1584 101
1276 1529 1370 1602 (=
1403 1529 1524 1602 Mo),
1564 1536 1682 1583 olim
1715 1537 1876 1600 signa-

192 1610 295 1657 tus:
343 1608 499 1657 Stat:
535 1611 562 1656 7
603 1609 679 1655 ΝΟ
715 1610 780 1656 36
795 1602 853 1675 2),
892 1609 1178 1657 chartaceus
1217 1610 1404 1657 formae
1443 1610 1552 1657 folii
1589 1625 1688 1657 una
1727 1626 1876 1658 manu

194 1684 404 1744 scriptus
444 1683 639 1731 saeculo
681 1682 800 1730 XVI
811 1677 875 1748 3),
915 1684 1136 1730 continet
1173 1686 1287 1744 post
1336 1686 1565 1745 excerpta
1602 1684 1875 1732 Memnonis

194 1759 243 1804 et
273 1757 482 1805 Diodori
520 1757 632 1804 inde
673 1773 703 1804 a
733 1757 853 1804 folio
890 1758 956 1805 64
989 1772 1142 1818 usque
1181 1757 1243 1805 ad
1278 1759 1379 1806 269
1418 1757 1506 1805 has
1538 1757 1736 1805 Libanii
1770 1772 1875 1805 ora·

192 1832 375 1879 tiones:

303 1905 387 1952 fol.
416 1897 538 1970 644)
574 1899 865 1966 Ἐπιτάφιος
895 1902 975 1952 ἐπὶ
1001 1898 1273 1964 Ἰουλιανῶε
1305 1904 1530 1969 λιβανίου
1562 1897 1875 1971 σοφιστοῦτ5)

310 1980 440 2027 103v
479 1977 727 2026 Μονωδία
762 1973 1035 2026 Ἰουλιανοῦ

309 2054 439 2100 107V
477 2049 600 2115 Περὶ
639 2058 726 2115 τῆς
763 2052 994 2117 τιμωρίας
1028 2046 1323 2100 Ἰουλιανοῦε

314 2180 355 2235 1)
387 2178 483 2222 Fol.
511 2182 620 2222 359v
645 2180 692 2221 et
717 2182 802 2221 360
834 2191 993 2232 vacua,
1017 2179 1125 2234 post
1154 2179 1270 2221 haec
1303 2178 1393 2221 duo
1421 2177 1537 2221 folia
1569 2178 1722 2221 excisa
1753 2179 1871 2222 sunt.

313 2239 356 2294 2)
390 2236 535 2281 Catal.
569 2250 720 2294 graec.
754 2237 983 2280 Manuscr.
1018 2237 1149 2280 codd.
1184 2237 1264 2293 qui
1297 2239 1592 2280 asservantur
1629 2237 1677 2279 in
1707 2236 1876 2280 biblio-

193 2295 332 2340 theca
354 2296 581 2340 Bavariae
605 2296 761 2350 Ducis,
793 2296 1070 2352 Ingolstadii
1104 2300 1216 2339 1602
1248 2311 1291 2352 p.
1323 2301 1374 2339 77
1418 2297 1638 2341 CCXIII.
1681 2296 1875 2339 Libanii

194 2356 340 2399 oratio
369 2356 580 2409 funebris
609 2357 661 2398 in
692 2356 943 2399 Iulianum.
1011 2356 1158 2411 Opera
1188 2356 1395 2399 Libami.

313 2416 356 2471 3)
387 2413 604 2457 Reiskius
637 2414 717 2470 qui
748 2415 871 2457 hunc
904 2413 1110 2458 codicem
1133 2415 1465 2457 Bavaricum
1489 2413 1722 2456 tertium
1752 2414 1873 2469 (213)

192 2473 493 2529 nuncupavit,
526 2487 627 2516 cum
661 2475 693 2516 t.
719 2473 739 2516 I
769 2489 813 2529 p.
841 2477 923 2516 251
958 2474 1052 2516 not.
1079 2477 1105 2516 8
1131 2487 1235 2516 eum
1261 2486 1288 2516 a
1313 2471 1555 2529 Georgio
1579 2471 1871 2515 Darmario

194 2533 434 2575 exaratum
466 2545 565 2575 esse
598 2531 730 2586 dixit,
764 2531 944 2575 erravit.
1007 2531 1127 2575 Nam
1158 2534 1211 2575 ut
1243 2531 1455 2575 omittam
1488 2529 1737 2587 Georgium
1769 2544 1874 2573 cum

192 2590 380 2633 Andrea
410 2590 653 2634 Darmario
694 2590 937 2634 confusum
975 2604 1096 2645 esse,
1137 2590 1231 2634 alia
1269 2603 1434 2633 manus
1472 2589 1654 2642 librarii
1686 2589 1872 2643 codicis,

194 2648 289 2692 alia
319 2648 552 2692 Darmarii
583 2649 698 2692 mihi
729 2650 828 2692 visa
860 2650 930 2693 est
962 2650 1216 2694 conferenti
1248 2648 1508 2705 exemplum
1526 2644 1704 2700 Tiuius,
1749 2648 1874 2703 quod

194 2709 265 2752 est
282 2708 406 2764 apud
425 2706 786 2763 Graux—Martin,
808 2708 1077 2752 Facsimiles
1096 2709 1153 2752 de
1169 2708 1444 2751 manuscrits
1462 2721 1592 2764 grecs
1610 2706 1872 2764 d'Espagne

312 2827 356 2882 4)
386 2825 662 2881 Adscriptus
695 2828 764 2869 est
795 2839 1011 2869 numerus
1044 2825 1361 2880 quaternionis
1394 2842 1437 2878 oc,
1469 2826 1522 2867 ut
1551 2825 1599 2867 in
1628 2824 1740 2868 folio
1767 2829 1820 2868 72
1845 2826 1874 2882 β

195 2885 242 2927 et
273 2884 572 2939 sequentibus
603 2898 750 2940 usque
783 2885 842 2927 ad
877 2890 959 2927 232
991 2886 1061 2942 ῐβ.

312 2945 355 3000 5)
389 2942 533 2986 Tituli
566 2946 673 2986 sunt
703 2943 940 2986 rubricati.
