2026 3168
482 776 679 836 ΠΕΡΙ
722 774 897 837 TOT
939 774 1070 874 MH
1114 773 1465 834 AHPEIN.

248 922 294 974 1.
341 921 620 983 Πολλάκις
652 919 712 973 ἐν
743 925 817 992 τῷ
852 920 1015 972 τοῦδε
1055 920 1386 990 δικαστηρίῳ
1428 923 1595 989 λῆρος
1628 918 1719 973 ὑπ’
1757 933 1902 976 R208

135 1010 307 1063 αὐτοῦ
361 1004 689 1079 κεκλημένος
743 1007 804 1062 ἐν
856 1014 931 1081 τῷ
978 1006 1219 1080 ὑμετέρῳ
1265 1009 1442 1080 τούτῳ
1490 1008 1818 1078 πειράσομαι

135 1097 308 1162 δεῖξαι
358 1101 501 1152 πολὺ
551 1105 714 1151 τοῦτο
766 1097 827 1150 τὸ
879 1097 1024 1166 ρ”ἧμα
1071 1105 1167 1166 τῆς
1212 1095 1477 1165 ἀληθείας
1516 1096 1819 1166 ἀφεστηκὸς

136 1187 280 1241 οὕτω
330 1187 587 1256 μεγάλοις
637 1194 752 1249 τοῖς
802 1184 1070 1254 ἐλέγχοις,
1122 1183 1246 1238 ὥστ’
1293 1184 1465 1238 αὐτὸν
1509 1193 1710 1239 ’τοῦτον
1755 1187 1816 1239 τὸ
1863 1206 1883 1240 5

133 1277 207 1344 μὴ
256 1273 402 1345 ἔχειν
440 1275 720 1329 ἀντειπεῖν
760 1273 1098 1343 ὁμολογῆσαι
1134 1282 1199 1344 τῇ
1251 1281 1442 1344 σιωπῇ.
1518 1275 1568 1326 2.
1619 1275 1667 1327 εἰ
1715 1275 1818 1344 μὲν

135 1360 239 1417 οὖν
283 1366 424 1427 ἅπας
476 1364 626 1426 ὅστις
677 1365 755 1426 εἰς
802 1371 972 1433 γῆρας
1016 1358 1166 1431 ἧκεν,
1213 1358 1377 1426 οὗτος
1426 1360 1670 1426 ἐξέπιπτε
1716 1371 1817 1416 τοῦ

135 1461 369 1522 φρονεῖν
406 1451 497 1506 καὶ
547 1460 643 1520 τῆς
688 1453 908 1521 φύσεως
955 1446 1119 1514 οὗτος
1164 1447 1235 1520 ἦν
1280 1453 1450 1520 νόμος
1494 1452 1594 1505 τὸν
1640 1451 1816 1505 ἐκεῖνο

135 1543 373 1609 λαβόντα
403 1548 568 1595 τοῦτο
602 1541 704 1594 οὐκ
734 1539 897 1610 ἔχειν,
935 1541 1171 1608 μάλιστα
1199 1540 1302 1607 μὲν
1333 1535 1438 1593 οὖν
1477 1539 1598 1594 οὐδ’
1644 1540 1818 1603 οὕτως

134 1629 300 1700 ἐχρῆν
346 1629 724 1700 ὑπερφρονεῖν
774 1627 895 1682 οὐδ’
950 1629 1240 1694 ὀνειδίζειν
1290 1629 1422 1683 οὐδὲ
1471 1632 1668 1683 κακίαν
1717 1637 1817 1683 τοῦ
1841 1651 1885 1684 ιο

402 1812 456 1827 ==
491 1790 637 1834 codex
671 1789 917 1834 Chisianus

492 1849 637 1893 codex
666 1848 958 1892 Monacensis
990 1863 1057 1906 gr.
1083 1853 1169 1892 483
1201 1848 1537 1907 (Augustanus)

492 1907 637 1952 codex
666 1908 910 1951 Palatinus
941 1923 1009 1965 gr.
1044 1912 1129 1952 282

491 1968 637 2012 codex
666 1966 1039 2011 Vindobonensis

490 2026 635 2071 codex
664 2026 865 2070 Urbinas
901 2041 968 2082 gr.
1003 2031 1086 2070 126

492 2086 636 2130 codex
665 2085 931 2129 Marcianus
964 2085 1163 2142 append.
1196 2085 1295 2130 XCI
1320 2091 1344 2129 2

493 2146 638 2189 codex
667 2144 948 2188 Barberinus
979 2144 1022 2187 H
1052 2149 1106 2187 41

252 2204 315 2248 M
402 2226 457 2241 =
489 2204 635 2248 codex
663 2204 928 2247 Marcianus
961 2219 1028 2261 gr.
1062 2207 1148 2247 437

255 2264 340 2308 Mo
405 2286 459 2300 =
494 2263 638 2307 codex
668 2262 960 2307 Monacensis
991 2278 1057 2320 gr.
1094 2266 1174 2306 101

252 2322 457 2380 Bong—
403 2345 456 2350 -
491 2322 635 2367 editio
666 2321 1082 2380 Bongiovanniana

252 2381 322 2426 Re
398 2403 453 2418 =
486 2380 704 2426 Reiskius

255 1791 294 1836 0

253 1851 298 1894 A

251 1909 299 1952 Ρ
318 1952 320 1954 .

261 1969 305 2012 V

262 2027 307 2072 U

251 2087 285 2130 I

252 2145 299 2188 B

402 2167 460 2241 ΙΙΙ
404 2108 459 2123 ΙΙ
402 2049 457 2064 ΙΙ
403 1990 458 2005 ΙΙ
404 1930 459 1945 ΙΙ
405 1872 459 1886 ΙΙ

254 2527 279 2565 2
314 2519 580 2577 Εὐτροπίου
611 2521 703 2565 vid.
738 2525 762 2575 ξ
799 2526 866 2564 16.

254 2666 281 2706 3
312 2662 462 2715 δεῖξαι
491 2660 772 2718 πειράσομαι
805 2662 915 2705 ΒΜ
1052 2665 1080 2704 4
1111 2661 1261 2715 δεῖξαι
1292 2674 1367 2706 om
1396 2662 1531 2719 Bong
1665 2666 1691 2704 5
1721 2667 1819 2711 τοῖς

137 2734 212 2768 om
228 2719 367 2766 IBM
378 2721 512 2776 Bong
538 2723 544 2777 Ι
571 2738 598 2765 ν
622 2721 671 2764 in
697 2720 839 2764 αὐτὸν
862 2735 921 2763 m.
940 2732 1028 2764 rec.
1047 2721 1117 2777 (p)
1142 2720 1192 2764 in
1214 2734 1289 2765 ras
1310 2722 1348 2766 G
1369 2723 1375 2778 Ι
1402 2728 1536 2766 τοῦτο
1557 2720 1821 2766 GAPIBM

136 2779 269 2836 Bong
302 2780 532 2838 Ιὸίιιτὸ
564 2778 899 2824 (ιοιϊίιιῶΡί
973 2779 1368 2824 vcszedoem
1393 2794 1482 2826 rec.
1516 2779 1758 2836 (r)inras

139 2844 162 2882 7
168 2837 331 2913 Ἡοῧτω
344 2840 380 2883 I
399 2839 406 2898 Ι
434 2837 614 2891 ἐξέπεσε
647 2839 737 2882 edd
858 2842 883 2881 9
916 2834 1001 2882 οὖν
1032 2851 1107 2882 om
1129 2839 1397 2894 PVIBMo,
1428 2838 1624 2882 fortasse
1654 2839 1780 2882 recte
1804 2838 1814 2905 1

138 2895 256 2942 οὕτω
289 2894 331 2941 σ’
360 2897 497 2955 ἐχρῆν
529 2910 585 2941 ex
615 2896 733 2942 ουτω
766 2911 815 2941 σε
845 2897 932 2954 χρὴ
956 2899 1117 2942 con-A
1231 2902 1287 2941 10
1317 2899 1628 2971 ὑπερφρονεῖν
1651 2897 1819 2954 scripsi

138 2963 333 3012 φρονεῖν
363 2955 471 3000 libri
502 2957 591 3000 edd
663 2962 979 3013 καταφρονεῖν
1010 2956 1114 3000 coni
1147 2956 1353 3002 Sintenis
1392 2958 1400 3016 Ι
1439 2954 1583 3001 κακία
1614 2957 1699 3001 Mo
