2026 3168
175 119 285 172 '278
719 116 945 160 LIBANH
976 115 1318 162 ORATIONES

179 255 316 323 ἅπερ
357 252 426 307 ἂν
457 251 547 306 ἐπὶ
585 258 854 306 τεθνεῶσι
893 262 1129 306 ποιῶσιν
1160 252 1193 321 ἢ
1231 252 1323 306 καὶ
1360 255 1529 307 πλείω
1560 273 1638 322 γε,
1679 253 1857 307 δεινο-

179 342 344 412 τέραν
396 330 495 394 τοῦ
557 341 806 394 θανάτου
861 343 1143 411 κρίνοντες
1202 343 1304 410 τὴν
1357 341 1593 412 ἀτιμίαν,
1654 343 1859 405 εἰδότες

181 427 357 484 οὖσαν
387 432 488 499 τήν
519 450 580 499 γε
610 431 872 499 τοιαύτην
902 438 999 498 τῆς
1037 428 1097 483 ἐκ
1129 431 1496 501 δικαστηρίων
1526 430 1858 501 δεινοτέραν.

178 519 263 573 35.
303 518 481 587 ἐκείνη
521 517 622 588 μέν
660 538 723 587 γε
761 518 866 572 κᾶν
903 520 1121 587 λυθείη,
1160 519 1365 587 ταύτην
1397 520 1458 572 δὲ
1494 518 1681 586 μένειν
1720 519 1859 573 ἀθά-

135 630 155 663 5
181 628 351 662 νατον
383 607 592 676 ἀνάγκη
624 612 1168 677 παρακολουθοῦσαν
1199 606 1259 661 ἐκ
1289 609 1541 676 νεότητος
1571 609 1647 671 εἰς
1675 612 1859 661 τελευ-

178 700 295 766 τήν,
329 696 413 765 ἐφ’
446 694 672 765 ἑκάστης
702 697 915 764 ἡλικίας
945 697 1046 765 τὴν
1077 698 1390 767 παρρησίαν
1421 695 1857 765 ἀφαιρουμένην·

178 786 596 855 ἀναίσχυντε,
642 785 841 847 κυνὸς
888 784 1110 854 ὄμματ’
1164 783 1340 854 ἔχων,
1387 785 1461 838 οὐ
1510 787 1587 838 σὺ
1634 783 1857 854 μέντοι

177 884 303 927 τῶν
356 872 503 944 περὶ
559 875 796 942 λόγους
845 874 1038 943 ἱερῶν
1084 872 1398 942 ἐξώσθης,
1452 874 1533 936 ὡς
1578 876 1858 942 μιαίνων

178 971 318 1025 ταῖς
364 963 669 1025 Μούσαις
714 963 782 1015 τὸ
828 964 1091 1032 χωρίον;
1154 962 1239 1014 36.
1294 964 1620 1031 φειδόμενος
1664 964 1858 1016 τοίνυν

112 1073 154 1105 10
179 1051 268 1105 καὶ
307 1052 513 1121 πατρὸς
550 1049 642 1105 καὶ
679 1052 884 1121 μητρὸς
923 1049 1013 1103 καὶ
1052 1053 1266 1104 πόλεων
1303 1051 1392 1104 καὶ
1432 1060 1543 1104 τῶν
1582 1050 1858 1120 ἐσομένων

175 1142 407 1209 παίδων,
455 1139 540 1209 ἐφ’
589 1140 687 1203 οὓς
724 1138 838 1194 ἔδει
876 1141 977 1209 τὴν
1015 1140 1235 1209 ἀτιμίαν
1275 1141 1601 1208 διαβαίνειν,
1647 1141 1709 1193 τὸ
1755 1141 1859 1208 μὲν

177 1229 280 1283 οὐκ
313 1228 558 1299 ἐποίησα,
585 1231 647 1283 τὸ
681 1229 742 1283 δὲ
773 1228 987 1302 ἐμαυτῷ
1013 1230 1311 1300 παρῄνεσα,
1345 1230 1530 1282 δίκαια
1551 1239 1858 1299 παραινῶν,

178 1319 251 1381 ὥς
289 1337 350 1386 γε
389 1317 628 1387 ἐμαυτὸν
665 1320 857 1371 πείθω.

289 1406 374 1458 37.
407 1405 561 1460 Ἐστὲ
600 1403 662 1460 δὲ
699 1408 884 1476 κύριοι
920 1414 1019 1459 τοῦ
1050 1403 1225 1475 μηδὲν
1255 1404 1335 1459 ἔτι
1367 1409 1644 1475 συμβῆναι
1675 1414 1858 1460 τοιοῦ-

110 1515 152 1550 15
177 1515 287 1549 τον.
339 1497 391 1548 εἰ
419 1497 523 1566 γὰρ
556 1495 816 1565 ἀμείνους
847 1494 1123 1564 γένοισθε,
1158 1493 1355 1566 ῥᾴδιον
1387 1495 1449 1548 δὲ
1478 1493 1854 1563 βουλομένοις,

176 1586 384 1648 ὄψεσθε
432 1582 524 1636 καὶ
566 1582 691 1654 παρ’
738 1585 894 1652 ἡμῶν
936 1584 1116 1637 πάντα
1161 1583 1574 1653 ἐκπληρούμενα
1627 1582 1718 1637 καὶ
1764 1594 1879 1637 κα-’

177 1673 382 1726 λοῦντά
434 1693 499 1740 με
552 1677 762 1739 μᾶλλον
808 1673 947 1739 ὑμᾶς
1003 1671 1090 1725 ε’πὶ
1143 1673 1242 1725 τὸν
1294 1680 1550 1726 τοιοῦτον
1603 1674 1773 1740 λόγον
1821 1670 1855 1740 ἢ

176 1762 681 1831 παρακαλούμενον.

297 1927 321 1965 7
351 1922 403 1966 Π.
438 1940 468 1966 οι
501 1926 585 1965 225

297 2075 319 2113 1
367 2069 621 2125 ποιήσωσιν
668 2071 713 2113 Β
892 2074 918 2112 2
966 2066 1203 2125 κρίνοντες
1249 2068 1297 2111 in
1343 2066 1583 2125 κρίναντες
1629 2057 1730 2112 coir
1770 2070 1800 2112 1

177 2133 204 2171 4
237 2126 326 2175 κᾶν
357 2129 521 2185 scripsi
595 2129 676 2173 καὶ
705 2128 816 2172 libri
847 2128 939 2172 edd
967 2131 972 2184 Ι
1006 2126 1170 2184 λυθείη
1202 2127 1262 2172 ἄν
1296 2129 1339 2172 V
1451 2132 1478 2171 8
1513 2127 1742 2184 ἐξεώσθης
1775 2127 1862 2172 ΟΠ

177 2189 245 2232 Re
269 2189 319 2231 at
343 2187 398 2231 ef.
424 2189 445 2231 I
471 2193 568 2243 128,
587 2193 634 2243 53
667 2191 767 2242 488,
787 2192 840 2231 15
865 2188 907 2231 R
1066 2192 1117 2230 11
1158 2184 1360 2244 παίδων]
1405 2185 1581 2231 πόλεων
1627 2185 1854 2243 ἐσομένων

178 2248 256 2291 καὶ
286 2254 378 2292 τῶν
409 2245 592 2291 παίδων
623 2249 698 2291 1B
850 2251 903 2290 16
937 2245 1142 2302 ὄψεσθαι
1174 2247 1205 2291 Ι
