2026 3168
705 144 931 190 LIBANII
962 143 1302 191 ORATIONES
1769 146 1842 200 45

165 289 334 335 autem
370 285 531 335 indice
561 284 749 334 codices
783 284 911 334 sixti
940 285 1012 333 IV
1043 285 1282 334 contineri
1312 285 1554 333 incertum
1584 286 1672 347 est,
1705 285 1843 334 char·

168 364 334 409 tacens
372 361 425 407 in
463 359 583 408 folio
615 358 804 407 duabus
842 359 1069 408 manibus
1105 359 1287 408 sacculi
1315 359 1407 406 XV
1439 361 1666 408 examms
1706 362 1754 408 ct
1790 361 1844 407 in

164 434 250 482 fol.
285 436 342 480 1v
379 430 566 496 μελέται
603 432 828 497 λιβανίου
867 430 950 482 καὶ
987 431 1122 498 λόγοι
1158 433 1424 495 inscriptus
1463 435 1703 482 continet:

275 507 359 556 fol.
403 509 459 555 lv
519 502 566 554 α’
640 505 981 571 πρεσβευτικὸς
1031 505 1156 572 πρὸς
1207 504 1323 566 τοὺς
1375 514 1531 572 τρῶας
1582 503 1705 572 ὑπὲρ
1758 513 1846 571 τῆς

164 578 344 644 ἕλε’νης.
414 577 666 644 μενέλαος,
713 581 798 629 scd
834 582 936 629 iam
983 583 1099 643 post
1140 581 1205 629 18
1253 580 1410 629 lineas
1448 581 1609 630 verbis
1656 579 1845 630 ἐκείνου

165 654 368 720 γνώμην
408 647 503 721 (IV
542 656 590 715 4,
631 657 660 703 9
701 648 768 720 R)
809 654 1011 716 desinit,
1055 654 1248 717 reliqua
1285 646 1401 717 pars
1439 655 1550 703 folii
1591 656 1647 703 1v
1685 657 1736 703 et
1772 655 1846 703 fo-

166 729 287 776 lium
331 730 360 776 2
400 743 558 776 vacua
596 728 768 777 relicta
807 731 935 777 sunt.

317 803 346 850 5
424 798 479 866 β’
551 798 786 862 ὀδυσσεύς

281 877 346 924 16
424 871 476 941 γ’
550 873 823 941 ἀριστείδον
853 875 1196 943 πρεσβευτικὸς
1218 875 1342 942 πρὸς
1366 873 1570 941 ἀχιλλέα,
1610 873 1847 936 ὀδυσσεύς

281 952 375 998 ‘20v
429 945 473 997 δ’
547 947 773 1015 ἀχιλλέως
811 947 1048 1016 ἀπολογία
1085 949 1208 1017 πρὸς
1245 950 1331 1000 τὸν
1367 950 1715 1016 πρεσβευτικόν

284 1025 350 1073 32
429 1019 466 1072 ε’
551 1021 750 1073 διέσωσέ
787 1042 858 1084 τις
895 1028 991 1073 κτλ.
1036 1018 1130 1091 (=
1169 1024 1241 1072 IV
1283 1026 1385 1073 739
1426 1018 1492 1092 R)

278 1099 374 1146 40v
446 1096 666 1161 λιβάνιος
703 1095 1019 1163 ἀριστοφάνει
1057 1092 1155 1165 (ep.
1192 1099 1331 1147 1186
1371 1114 1526 1161 usque
1565 1099 1630 1146 ad
1659 1091 1845 1166 finem).

281 1173 346 1219 41
435 1167 480 1226 ς’
553 1171 652 1219 Inc.
686 1163 844 1238 ὧνπερ
877 1165 941 1221 αὗ
972 1172 1208 1238 πρότερον
1248 1165 1302 1239 (i.
1336 1188 1374 1220 e.
1406 1171 1530 1238 πρὸς
1557 1170 1674 1232 τοὺς
1703 1170 1848 1231 νέους

171 1242 279 1312 περὶ
317 1251 404 1294 τοῦ
442 1243 654 1309 τάπητος
691 1246 769 1294 ΠΙ
810 1247 912 1294 252
954 1262 1108 1309 usquc
1148 1245 1212 1293 ad
1248 1246 1393 1294 finem
1437 1239 1565 1313 271)

282 1320 349 1367 45
443 1315 488 1377 ζ’
573 1317 829 1382 ἐπιτάφιος
868 1317 946 1368 ἐπὶ
986 1319 1217 1369 ἰουλιανῶ

282 1395 375 1440 ’71ν
443 1389 491 1455 η’
567 1393 786 1456 μονωδία
824 1391 903 1442 ἐπὶ
942 1393 1173 1443 ἰουλιανῶ

281 1468 349 1514 74
439 1462 495 1515 θ’
565 1466 634 1525 εἰς
667 1467 926 1534 καισᾶριον
964 1467 1226 1534 μάγιστρον
1265 1483 1376 1517 cum
1421 1468 1619 1517 scholiis
1665 1468 1847 1533 margi-

170 1540 365 1588 nalibus

284 1616 348 1662 77
439 1610 475 1663 ι’
544 1613 687 1681 ,πρὸς
725 1612 966 1680 ἐλλέβιχον

281 1689 347 1736 81
438 1683 504 1736 ια’
577 1686 687 1754 περὶ
724 1689 954 1755 τιμωρίας
994 1688 1247 1739 ἰουλιανοῦ

284 1762 352 1810 85
440 1758 507 1826 ιβ’
580 1759 690 1828 περὶ
730 1762 951 1822 δουλείας

285 1837 351 1885 93
440 1832 506 1901 ιγ’
577 1835 700 1902 πρὸς
740 1835 931 1903 ι’κάριον

283 1910 350 1958 96
440 1905 504 1957 ιδ’
577 1916 666 1959 τοῦ
704 1908 858 1960 αὐτοῦ
894 1909 1018 1976 πρὸς
1055 1909 1317 1960 θεοδόσιον
1354 1906 1477 1976 ὑπὲρ
1515 1917 1613 1960 τῶν
1659 1917 1847 1977 μιαρῶν

171 1987 367 2032 θυσιῶν
404 1980 487 2031 καὶ
526 1982 669 2049 ἱερῶν
707 1982 860 2032 αὐτοῦ

286 2058 416 2105 101v
469 2052 525 2104 ιε’
591 2056 660 2115 εἰς
698 2057 1027 2106 κωνστάντιον
1065 2055 1147 2106 καὶ
1185 2057 1466 2106 κώνσταντα

287 2132 416 2178 114*
469 2126 534 2185 ις’
592 2130 1000 2196 προσφωνητικὸς
1038 2130 1270 2181 ἰουλιανῶ

286 2206 313 2252 1
324 2206 350 2252 1
361 2206 417 2251 7v
469 2201 529 2263 ιζ
594 2201 866 2269 ἀντιοχικός

286 2279 389 2326 133
466 2274 534 2341 ιη’
594 2276 717 2345 πρὸς
755 2277 846 2343 τὴν
883 2276 1073 2343 βουλὴν

287 2353 417 2400 136*
465 2348 538 2400 ιθ’
590 2350 712 2418 πρὸς
749 2351 864 2412 τοὺς
901 2351 969 2411 εἰς
1015 2351 1106 2417 τὴν
1150 2352 1378 2403 παιδείαν
1423 2351 1575 2403 αὐτοῦ
1625 2352 1848 2404 ἀποσκώ-

177 2435 369 2488 ψαντας

288 2501 390 2547 142
466 2495 512 2547 κ’
586 2497 708 2565 πρὸς
745 2497 830 2548 τὸν
875 2497 1073 2564 βασιλέα
1117 2499 1239 2550 κατὰ
1283 2508 1381 2550 τῶν
1424 2501 1850 2568 προσεδρευόντων

176 2575 277 2630 τοῖς
314 2569 547 2638 ἄρχουσιν

177 2771 355 2815 editum
378 2771 437 2815 ab
460 2771 670 2829 Eugenio
694 2771 881 2817 Muentz
905 2774 953 2817 ct
975 2772 1120 2817 Paulo
1144 2773 1306 2828 Fabre,
1339 2774 1405 2818 La
1427 2774 1755 2831 Bibliothcquc
1786 2775 1849 2818 du

176 2829 375 2874 Vatican
407 2845 467 2874 au
497 2830 599 2874 XV⁰
631 2831 783 2887 nicole,
822 2830 1012 2875 Parisiis
1046 2835 1158 2876 1887
1191 2848 1236 2890 p.
1264 2838 1346 2878 159
1366 2848 1431 2890 sq.
1472 2834 1609 2878 nimis
1648 2847 1849 2878 summa—

177 2888 263 2932 tim
293 2888 420 2932 facta
451 2891 522 2933 cst
552 2903 692 2945 quam
730 2893 783 2933 ut
813 2890 1068 2934 Vaticanus
1107 2905 1173 2948 gr.
1208 2897 1292 2936 939
1332 2892 1456 2936 idem
1495 2894 1635 2949 atque
1673 2907 1792 2936 unus
1823 2906 1849 2936 e

178 2947 336 2991 multis
368 2947 553 2992 Libanii
585 2948 821 2993 codicibus
853 2951 914 3007 (p.
941 2954 1024 2994 229
1044 2952 1128 3007 sq.)
1161 2953 1287 2995 certo
1319 2951 1413 2996 dici
1443 2954 1597 3008 queat.
