2026 3168
692 179 919 225 LIBANII
949 177 1291 223 ORATIONES
1728 177 1834 230 123

152 314 392 385 ἀξίωσιν,
431 316 488 368 αἱ
527 315 588 368 δὲ
627 317 905 386 πρόσοδον
943 317 1161 385 ἔφερον,
1205 315 1342 367 ὥστε
1383 316 1515 367 ἄνευ
1555 323 1667 367 τῶν
1706 312 1832 384 περὶ

148 413 254 474 γῆν
292 404 609 475 φροντίδων
647 405 713 457 τὰ
751 413 863 457 τῶν
901 404 1299 474 γεωργούντων
1337 405 1495 472 ἔχειν.
1573 402 1659 455 81.
1699 401 1728 455 ὃ
1770 402 1832 456 δὲ

148 495 215 562 δὴ
261 494 435 546 τῶνδε
480 496 663 561 μεῖζον
709 495 877 563 ἔργον
926 500 1021 561 τῆς
1075 493 1275 561 Τύχης,
1329 496 1541 561 μᾶλλον
1587 489 1648 544 δὲ
1698 492 1832 545 ὅτου

145 601 227 644 τις
265 581 334 634 ἂν
373 583 600 650 φήσειεν
638 580 800 650 ἀνδρὶ
848 579 1014 645 δόξαν
1059 582 1160 650 τὴν
1209 580 1314 634 ἀπὸ
1362 582 1544 649 λόγων
1590 582 1829 649 οἵωνπερ
1876 603 1898 634 4

144 670 320 739 ἡμεῖς,
369 670 651 738 διώκοντι,
690 672 822 739 μετὰ
859 671 964 741 γὰρ
1005 671 1106 738 τὴν
1149 670 1155 738 Ι
1198 679 1310 722 τῶν
1346 670 1638 739 τυράννων
1676 689 1769 722 κα·
1800 682 1842 725 R.
1863 685 1920 726 58

146 759 393 828 τάλυσιν,
433 755 512 812 ὧν
549 760 649 812 τὸν
686 760 788 828 μὲν
827 761 988 831 λόγῳ,
1027 760 1126 813 τὸν
1166 759 1227 812 δὲ
1264 757 1405 828 χειρὶ
1444 759 1832 822 Κωνστάντιος

147 845 374 916 ἔπαυσε,
422 849 676 918 δωρεῖται
722 849 823 917 μὲν
868 850 997 911 τοὺς
1030 846 1301 917 ’Έλληνας
1355 855 1420 918 τῇ
1475 851 1829 917 Στρατηγιόυ

145 939 408 1007 πρᾳότητι
446 939 656 1006 κόσμον
693 946 787 1006 τῆς
827 937 998 990 αὑτοῦ
1030 939 1310 1004 βασιλείας
1347 937 1449 1005 τὴν
1480 935 1697 990 ἐκείνου
1737 957 1830 990 νο-

144 1029 313 1095 μίζων
360 1025 421 1079 ἐν
467 1025 655 1094 ἀρχαῖς
700 1028 1053 1095 χρηστότητα.
1132 1025 1217 1078 82.
1266 1025 1294 1079 ὁ
1336 1025 1398 1078 δὲ
1444 1025 1545 1078 οὐκ
1592 1025 1830 1096 ἀπείρως

142 1115 244 1182 μὲν
292 1115 447 1183 ἡμῶν
495 1112 652 1183 ἔχων,
704 1116 782 1176 εἰς
828 1123 1026 1182 πεῖραν
1072 1111 1134 1167 δὲ
1180 1123 1292 1167 τῶν
1331 1112 1639 1183 Ἀθήνησιν
1679 1114 1828 1185 ἐρχό-
1854 1136 1896 1168 ιο

143 1222 309 1271 μενος
352 1201 444 1255 καὶ
490 1203 555 1255 τὰ
601 1203 702 1271 μὲν
749 1203 1024 1272 δακρύων,
1071 1212 1183 1256 τῶν
1231 1203 1293 1255 δὲ
1340 1203 1441 1255 οὐκ
1496 1202 1829 1272 ἀμνημονῶν

145 1290 440 1360 ἐπέπληξεν
486 1290 824 1360 Ἀθηναίοις,
878 1293 925 1344 εἰ
972 1289 1252 1354 ἀξιοῦντες
1300 1292 1392 1344 διὰ
1437 1292 1608 1359 κάλλη
1648 1293 1830 1360 λόγων

107 1368 111 1371 ’
143 1379 315 1433 ἐκεῖσε
353 1381 595 1443 ἅπαντας
630 1384 929 1433 καταπλεῖν
969 1380 1071 1433 οὐκ
1110 1379 1464 1449 ἐπεισάγουσι
1499 1390 1611 1433 τῶν
1650 1382 1829 1434 ὄντων

144 1471 339 1538 σφίσιν
386 1468 612 1535 ἀμείνω·
670 1469 833 1521 ἀλλὰ
882 1470 1036 1541 σίτῳ
1087 1466 1203 1538 μὲν
1254 1468 1610 1541 ἐπεισάκτῳ
1667 1471 1828 1539 χρώ-

140 1577 325 1627 μενοι
389 1558 778 1611 διδάσκαλοι
839 1567 965 1611 τῶν
1026 1557 1174 1627 περὶ
1228 1559 1341 1611 τὸν
1395 1567 1581 1611 σῖτον
1639 1557 1895 1612 αὐτοὶιῑ»

140 1647 574 1709 καταστάντες
621 1648 864 1700 ἅπασιν
911 1647 1108 1700 οὐδὲν
1153 1646 1430 1715 ἡγεῖσθε
1477 1648 1724 1716 δεινόν,
1772 1649 1827 1700 εἰ

143 1735 212 1788 δὲ
256 1734 402 1805 περὶ
450 1738 602 1798 τοὺς
648 1737 886 1804 λόγους
931 1743 1126 1788 τοῦτο
1167 1736 1465 1806 δράσετε,
1511 1737 1586 1788 τὰ
1624 1737 1827 1805 σεμνὰ

141 1825 297 1891 ὑμῖν
342 1825 700 1893 οἰχήσεται,
748 1823 869 1892 ἐγὼ
916 1821 1032 1893 μὲν
1079 1823 1213 1877 οὐδ’
1269 1826 1325 1877 εἰ
1371 1825 1617 1888 πάντας
1669 1825 1827 1894 ὑμῖν

142 1914 591 1981 κατεχρύσουν
628 1915 781 1974 τοὺς
818 1914 1003 1980 νεώς,
1041 1916 1290 1979 μᾶλλον
1333 1912 1412 1966 ἂν
1448 1909 1527 1981 ἦν
1565 1911 1825 1982 εὐεργέ-

141 2021 251 2070 της
287 2001 320 2070 ἢ
359 2008 630 2054 τοιαῦτα
670 2002 1153 2070 εἰσηγούμενος.
1217 2001 1303 2053 83.
1343 2002 1396 2054 οἱ
1429 2001 1491 2054 δὲ
1521 2002 1689 2055 πάλαι
1723 2002 1893 2071 μὲνεο

141 2087 355 2159 ἔφασαν
391 2087 482 2142 καὶ
522 2089 677 2142 αὐτοὶ
716 2088 873 2142 ταυτὶ
905 2090 1322 2158 ὃιανενοῆσθαι,
1357 2087 1364 2161 1
1399 2095 1605 2143 παθεῖν
1637 2090 1700 2143 δὲ
1731 2089 1760 2144 ὃ
1794 2103 1836 2146 R
1857 2108 1913 2148 59

258 2285 283 2324 5
323 2279 391 2323 De
423 2279 706 2323 Vefiranione
738 2281 785 2322 et
815 2279 1086 2335 Magnentio
1121 2278 1177 2323 cf.
1210 2278 1332 2323 Petr.
1365 2279 1534 2323 Patrio.
1567 2279 1622 2325 fr.
1659 2285 1712 2324 16
1750 2280 1822 2337 (fr.

141 2339 248 2383 hist.
228 2354 346 2442 43
379 2338 443 2382 IV
476 2341 577 2395 190)
610 2340 657 2382 et
688 2338 848 2382 Zonar.
882 2338 987 2381 ΧΠΙ
1020 2343 1133 2382 7-9
1280 2342 1304 2381 7
1337 2353 1381 2395 p.
1410 2343 1508 2394 134,
1536 2344 1604 2383 17.
1638 2353 1709 2396 ep.
1737 2344 1823 2384 396

336 2411 421 2441 em.
459 2411 548 2442 cor.
591 2402 616 2452 ξ
649 2402 704 2442 87
736 2412 780 2453 p.
809 2402 908 2452 254,
942 2402 1010 2441 21.
1045 2397 1146 2441 adV.
1181 2397 1310 2454 Lept.
1347 2403 1400 2442 31
1433 2412 1477 2454 p.
1504 2403 1605 2452 466,
1640 2403 1694 2442 21

256 2581 282 2619 4
320 2573 391 2625 τίς
420 2577 513 2620 AB
663 2580 689 2619 8
729 2573 964 2634 βασιλείας
1002 2574 1187 2631 reposui
1226 2588 1251 2618 e
1278 2575 1359 2619 VL
1398 2576 1500 2620 Mor
1589 2573 1825 2627 πολιτείας

139 2634 319 2679 AC'PB
358 2635 469 2678 Fen·
505 2635 607 2679 Μοι·
644 2635 693 2678 in
727 2648 861 2691 marg
892 2635 960 2677 Re
1098 2639 1148 2677 11
1182 2651 1240 2678 τα
1271 2634 1324 2679 δὲ
1354 2636 1446 2679 BL
1591 2640 1645 2679 13
1678 2635 1822 2680 ἐκεῖσε

141 2691 368 2751 ἅπαντας]
402 2694 545 2739 ἐκεῖσε
578 2710 781 2744 απαντες
815 2695 853 2738 G
931 2692 1142 2766 ᾅπαντας
1173 2693 1318 2738 ἐκεῖσε
1344 2694 1388 2738 V
1458 2693 1644 2738 ἅπαντα
1676 2694 1822 2739 ἐκεῖσε

140 2752 183 2795 L
312 2757 364 2795 17
404 2753 512 2804 τοὺς
550 2767 624 2797 om
656 2753 700 2796 L
834 2757 888 2796 18
927 2752 1037 2808 ἡμῖν
1067 2752 1250 2796 APBL
1292 2753 1298 2810 Ι
1341 2753 1526 2810 signum
1563 2753 1821 2811 interroga-

140 2810 280 2853 tionis
295 2811 431 2867 posui
492 2818 603 2867 „aut
626 2811 900 2870 οἰχήσεσθαι
924 2824 980 2855 sc.
999 2810 1190 2868 ἡγεῖσθε
1214 2816 1298 2856 aut
1320 2813 1375 2856 οὐ
1391 2812 1532 2856 ταύτὸ
1550 2826 1640 2868 pro
1654 2816 1821 2856 τοῦτο“

140 2868 414 2943 Wyttenb‚
419 2870 492 2927 ,μὴ
525 2829 716 2927 δράσετε
755 2872 823 2915 vel
854 2869 1041 2915 ἐάσετε“
1081 2869 1236 2914 Gasda
1278 2870 1284 2928 Ι
1327 2869 1438 2927 ἡμῖν
1469 2872 1514 2915 L
1666 2876 1719 2914 19
1761 2869 1821 2915 ἂν

139 2922 217 2986 ἦν]
249 2923 398 3032 &gfff
424 2929 506 2973 VL
655 2935 709 2974 21
751 2946 786 2985 φ
817 2929 867 2972 in
900 2930 1081 2985 ἔφασαν
1116 2928 1166 2972 ιιι
1204 2943 1366 2973 rasura
1405 2930 1601 2973 duarum
1639 2929 1822 2973 littera-

142 3001 244 3030 rum
442 3012 444 3015 ·
