2026 3168
191 124 222 175 8
226 124 260 175 2
729 124 955 168 LIBANII
988 123 1327 168 ORATIONES

189 269 300 312 τῶν
337 256 439 327 μὲν
479 259 663 312 ἄλλων
702 254 763 311 εὗ
803 259 946 325 μάλα
986 264 1157 328 εἴχετο
1196 261 1302 311 σὺν
1332 261 1502 332 πόνῳ,
1541 264 1773 313 τελοῦσα
1804 258 1875 314 δὲ’

190 347 457 417 ἀργύριον
495 355 610 409 τοῖς
649 345 735 399 ἐπὶ
775 354 874 399 τοῦ
921 347 1205 400 παιδεύειν
1251 347 1352 400 οὐκ
1397 346 1519 419 ᾔδει
1568 352 1867 418 χαλεπῆναι

99 448 143 491 R
162 453 187 491 6
211 437 349 505 πρὸς
379 435 727 488 καθεύδοντα
762 433 767 505 Ι
803 437 972 488 παῖδα
1003 436 1273 504 φιλούσης
1305 432 1446 489 εἶναι
1476 438 1773 505 νομίζουσα
1803 438 1867 491 τὸ

189 525 404 592 μηδαμῆ
445 524 703 592 μηδαμῶς
749 523 912 577 ἀνιᾶν
959 525 1056 576 τὸν
1107 523 1324 592 ἑαυτῆς,
1377 525 1513 577 ὥστε
1562 533 1662 578 τοῦ
1709 523 1868 588 ἔτους

145 634 164 666 5
189 613 249 664 τὸ
289 611 456 665 πλεόν
495 613 572 675 εἰς
618 611 823 682 ἀγροὺς
869 612 999 681 ἡμῖν
1044 616 1254 681 μᾶλλον
1302 613 1335 681 ’ἢ
1385 615 1582 681 λόγους
1633 613 1868 667 ἀναλοῦ-

189 706 338 753 σθαι.
422 699 470 753 5.
524 701 797 771 τεττάρων
845 702 914 770 δή
967 721 1060 768 μοι
1105 700 1326 754 τουτονὶ
1378 703 1717 755 διελθόντων
1766 703 1867 755 τὸν

187 790 392 859 τρόπον
442 787 711 842 ἐνιαυτῶν
759 788 1007 858 πέμπτου
1053 809 1110 842 τε
1158 789 1245 842 ἐπὶ
1292 798 1406 852 τοῖς
1452 789 1581 843 δέκα
1618 791 1866 860 ἡπτόμην

186 880 283 930 καί
316 897 381 946 με
428 879 704 948 εἰσήρχετο
753 879 950 949 δριμύς
999 898 1081 940 τις
1131 876 1267 949 ἔρως
1316 887 1426 931 τῶν
1477 881 1676 946 λόγων·
1727 880 1866 932 ὥστε

186 965 454 1034 ἠμέληντο
501 963 602 1034 μὲν
649 968 705 1019 αἱ
754 976 865 1019 τῶν
917 966 1103 1038 ἀγρῶν
1156 967 1393 1037 χάριτες,
1448 966 1748 1038 ε’πέπραντο
1804 965 1865 1020 δὲ

119 1077 163 1108 10
185 1057 528 1125 περιστεραί,
601 1056 787 1108 δεινὸν
846 1054 1067 1125 θρέμμα
1125 1056 1655 1109 καταδουλώσασθαι
1719 1055 1865 1125 νέον,

118 1519 160 1551 15

186 1144 407 1210 ἅμιλλαι
447 1144 509 1196 δὲ
547 1145 732 1197 ἵππων
766 1143 856 1197 καὶ
887 1146 953 1198 τὰ
984 1152 1079 1212 τῆς
1110 1152 1312 1213 σκηνῆς
1341 1145 1519 1197 πάντα
1550 1144 1869 1215 ἀπέρριπτο,

185 1230 276 1285 καὶ
315 1225 357 1304 ᾧ
385 1233 452 1300 δὴ
486 1233 858 1302 διαφερόντως
889 1231 1149 1301 ἐξέπληξα
1180 1231 1269 1285 καὶ
1301 1235 1528 1301 νεότητα
1558 1232 1649 1286 καὶ
1680 1242 1871 1304 γῆρας,-

186 1319 421 1383 ἀθέατος
467 1323 653 1388 ἔμεινα
701 1331 1052 1390 μονομαχιῶν
1101 1319 1344 1389 ἐκείνων,
1394 1320 1456 1374 ἐν
1506 1314 1591 1383 αἷς
1640 1324 1866 1375 ἔπιπτόν·

184 1429 242 1461 τε
281 1408 371 1462 καὶ
411 1407 611 1462 ἐνίκων
650 1410 871 1480 ἄνδρες,
919 1409 1016 1472 οὓς
1055 1412 1275 1478 ἔφησθα
1321 1408 1391 1461 ἂν
1428 1411 1677 1478 μαθητὰς
1723 1407 1865 1463 εἶναι

184 1506 295 1550 τῶν
334 1497 395 1550 ἐν
435 1499 649 1560 Πύλαις
686 1501 1028 1568 τριακοσίων.
1093 1498 1121 1551 ὁ
1161 1499 1262 1565 μὲν
1301 1499 1367 1566 δὴ
1406 1505 1576 1551 ταῦτα
1622 1502 1864 1569 λειτουρ-

184 1595 301 1654 γῶν
338 1582 409 1654 ἦν
437 1592 594 1649 θεῖος
625 1585 751 1655 ἐμὸς
780 1588 917 1658 πρὸς
947 1588 1149 1656 μητρὸς
1180 1585 1358 1640 ἐκάλει
1389 1586 1450 1639 τέ
1477 1607 1543 1655 με
1573 1587 1865 1656 ὀψόμενον,

185 1673 291 1742 ἐγὼ
332 1675 392 1727 δὲ
431 1676 535 1745 ἄρα
573 1675 681 1728 ὑπὸ
721 1685 831 1728 τῶν
869 1677 1102 1744 βιβλίων
1140 1676 1376 1744 εἰχόμην.
1453 1677 1615 1743 λόγος
1661 1696 1721 1743 γε
1767 1677 1864 1729 τὸν

305 1809 359 1848 15
390 1805 496 1848 Her.
530 1805 615 1848 VH
647 1810 729 1849 205

305 1928 358 1966 13
398 1922 603 1974 ἀθέατος
641 1922 664 1967 ὁ
705 1923 764 1979 μὴ
805 1922 983 1982 βλέπων
1015 1931 1220 1980 κρεῖττον
1253 1921 1280 1979 ἢ
1314 1923 1337 1968 ὁ
1371 1924 1430 1981 μὴ
1463 1922 1739 1982 βλεπόμενός
1773 1905 1869 1968 τινι

184 1981 253 2026 Β2
285 1984 356 2039 (=
389 1982 548 2026 Thom.
582 1982 642 2025 M.
676 1998 720 2039 p.
748 1986 816 2035 28,
853 1986 923 2040 14)

304 2106 326 2143 1
369 2100 516 2144 ἄλλων
554 2115 612 2143 m.
644 2114 734 2144 rec.
766 2102 820 2157 (s)
853 2115 994 2157 supra
1026 2115 1207 2144 erasum
1239 2102 1409 2157 μᾶλλον
1443 2101 1480 2145 G
1515 2103 1563 2143 et
1600 2101 1703 2145 coni
1734 2101 1802 2144 Re

183 2162 352 2215 μᾶλλον
385 2160 428 2203 L
472 2159 562 2202 edd
605 2160 610 2217 Ι
669 2159 818 2217 ἔχεται
856 2161 967 2203 Ferr
1009 2161 1013 2218 Ι
1072 2161 1155 2204 σὺν
1194 2158 1342 2218 πόνῳ]
1382 2160 1465 2212 ξὺν
1503 2158 1666 2209 πόνοις
1702 2159 1803 2203 Mor

184 2223 209 2260 2
243 2218 483 2262 παιδεύειν
514 2218 579 2272 L,
620 2219 701 2261 sed
733 2219 885 2263 δεύειν
924 2219 973 2261 in
1003 2219 1172 2262 lacuna
1203 2218 1272 2262 m²
1315 2221 1319 2276 Ι
1371 2220 1456 2262 οὐκ
1488 2246 1542 2250 -
1575 2223 1600 2261 3
1633 2221 1780 2262 παῖδα
1811 2218 1862 2260 in

182 2277 351 2320 lacuna
383 2277 533 2333 suppl.
567 2277 634 2321 L2
718 2279 803 2322 οὐκ
835 2275 936 2337 ᾔδει
966 2281 1219 2335 χαλεπῆναι
1253 2279 1306 2331 C,
1344 2278 1425 2321 sed
1455 2277 1640 2320 litterae
1671 2294 1710 2330 κ,
1745 2293 1798 2331 ει,
1830 2294 1861 2320 α

185 2338 231 2379 et
269 2341 377 2392 pars
418 2336 734 2380 antecedentis
773 2354 799 2394 χ
840 2337 1061 2393 abreptae
1101 2339 1148 2380 et
1185 2352 1243 2379 m.
1284 2350 1372 2380 ree.
1406 2338 1460 2393 (s)
1498 2335 1621 2379 infra
1660 2335 1861 2392 scriptae

229 2409 305 2438 om
328 2396 438 2438 Ferr
500 2396 584 2439 οὐκ
609 2391 707 2439 οἶδε
730 2398 984 2452 χαλεπῆναι
1008 2396 1110 2439 Μο1
1125 2396 1193 2439 Re
1277 2400 1302 2438 3
1328 2394 1643 2452 καθεύδοντα]
1668 2395 1748 2438 τὸν
1765 2394 1855 2453 L²{

183 2460 244 2496 τῶ
277 2455 320 2497 L
442 2458 466 2496 5
498 2457 655 2498 πλεῖον
687 2455 730 2498 L
759 2457 763 2510 Ι
802 2453 954 2512 λόγοις
984 2455 1257 2498 ἀναλῶσθαι
1287 2455 1331 2498 L
1451 2458 1476 2495 6
1509 2452 1568 2507 δή
1599 2468 1656 2496 m.
1690 2467 1777 2496 rec.
1805 2455 1858 2511 (s)

185 2525 296 2555 corr,
330 2512 379 2554 in
410 2511 463 2555 δέ
497 2514 534 2557 G
620 2511 672 2557 δέ
703 2513 794 2556 edd
836 2515 841 2568 Ι
883 2514 1066 2557 τουτονὶ
1095 2513 1176 2557 τὸν
1206 2511 1380 2568 τρόπον
1411 2510 1693 2555 διελθόντων
1726 2514 1771 2556 Β

185 2575 210 2613 8
244 2568 349 2613 ὥστ’
387 2571 432 2613 Β
585 2572 787 2615 10.eitat
810 2572 1019 2616 Eustath.
1055 2573 1115 2615 ad
1152 2572 1202 2614 Π.
1243 2574 1266 2614 λ
1298 2575 1383 2614 244
1421 2575 1584 2633 pc-JZS
1624 2571 1694 2613 ed.
1727 2571 1860 2614 Rom.

186 2629 348 2672 ὁποῖον
381 2630 460 2671 καὶ
492 2629 541 2671 αἱ
571 2629 848 2686 περιστεραί,
882 2630 936 2681 ἃς
969 2631 991 2674 ὁ
1017 2629 1239 2689 Λιβάνιος
1267 2628 1489 2686 θρέμμα
1521 2630 1634 2685 φησὶ
1667 2630 1858 2674 δεινὸν

184 2689 735 2732 καταδουλώσασθαι
766 2688 929 2739 νέους
1108 2694 1162 2732 13
1202 2687 1404 2738 ἀθέατος
1436 2714 1491 2720 —-
1523 2686 1711 2732 ἐκείνων
1743 2689 1860 2732 citat

185 2744 345 2790 Thom.
371 2746 431 2790 M.
466 2760 498 2788 s.
525 2762 563 2789 v.
599 2746 801 2797 ἀθέατος
830 2763 873 2803 p.
901 2753 970 2802 28,
998 2753 1052 2791 14
1076 2748 1118 2790 R
1213 2752 1267 2789 14
1298 2763 1345 2791 τε
1377 2760 1452 2789 0111
1476 2749 1521 2790 Β
1621 2752 1674 2790 16
1708 2746 1862 2793 ἐκάλει

187 2806 225 2849 Ο
250 2805 300 2847 in
330 2806 480 2857 textu,
515 2805 595 2848 sed
628 2805 658 2848 ά
691 2806 956 2862 abreptum,
989 2809 1036 2850 et
1065 2822 1125 2849 m.
1158 2819 1246 2849 rec,
1281 2807 1349 2862 (s.)
1381 2805 1429 2848 in
1457 2819 1591 2863 marg
1704 2811 1756 2849 17
1790 2804 1862 2864 βί-,

185 2865 302 2921 βλων
319 2865 362 2907 L
390 2866 396 2920 Ι
430 2862 581 2921 λόγος]
607 2865 685 2907 καὶ
709 2863 841 2921 λόγος
864 2866 954 2908 BL
1014 2863 1150 2920 λόγον
1175 2865 1242 2908 Re
1304 2863 1491 2921 εὔλογόν
1515 2881 1565 2921 γε
1589 2865 1638 2907 M
1647 2864 1857 2908 Schmidt

183 2922 408 2967 Phi101.X
425 2927 510 2966 614
538 2925 543 2978 Ι
571 2939 620 2980 γε
638 2937 749 2967 corr.
769 2937 792 2966 e
810 2926 913 2968 σεΒ
973 2940 1019 2968 τε
1031 2924 1124 2967 Vet
1140 2923 1491 2979 coniWyttenb‚
1515 2923 1711 2967 fortasse
1734 2925 1857 2967 reete
