2026 3168
178 102 248 156 66
719 101 945 149 LIBANH
976 101 1320 147 ORATIONES

176 242 441 291 editionem
479 244 767 303 impressam
800 242 942 303 eique
973 241 1250 291 dedicatam
1282 258 1398 292 esse.
1460 240 1783 292 ἀποστολίδ
1792 262 1859 308 ης

175 311 243 380 δ’,
298 316 482 378 inquit,
533 313 557 364 ὅ
604 322 705 379 τῆς
759 313 1090 379 ἐπιδαύρου
1136 313 1408 382 ἀρσένιος
1454 344 1527 351 --
1573 315 1657 375 τὰς
1703 315 1859 368 αὐτοῦ

176 383 447 456 (λιβανίου)
499 386 691 452 μελέτας
739 387 791 438 ἕν
835 407 931 438 τινι
976 387 1149 452 βιβλίω
1189 389 1413 438 σεσιπώτι
1459 388 1727 455 ἕφευρικὼς
1776 389 1858 440 καὶ

173 463 226 513 τὸ
259 463 433 511 τούτου
465 459 562 525 ἡδὺ
593 459 748 527 λέγειν
781 461 1179 527 διαλογισάμενος
1209 490 1282 497 -—-
1313 462 1466 512 πολλὰ
1496 462 1664 528 καμὼν
1696 462 1857 512 ἀντι-

173 536 406 603 γράψας
452 534 727 599 κάπιμελῶς
767 535 1047 600 διορθώσας
1086 531 1152 584 δι’
1187 535 1423 603 εὐπορίαν
1468 545 1565 586 τῶν
1611 542 1864 603 σχολαστι-”

174 618 277 659 κῶν
316 609 493 668 ταύτας
532 608 691 675 ἔμοιγε
731 608 779 668 ἐς
819 608 1006 658 ἰταλίαν
1041 607 1362 672 ἀφικνεῖσθαι
1391 609 1655 681 γλιχομένῳ
1688 610 1769 660 καὶ
1800 610 1859 660 τὰ

173 691 269 733 τῶν
309 682 556 733 αὐσονίων
596 682 891 747 μαθητιόντι
928 681 1306 732 ἐντυπώσασθαι
1341 682 1620 750 παρέδωκεν
1658 683 1739 733 καὶ
1778 705 1857 749 μι-

171 764 292 823 κρῆς
331 755 542 821 ἀμοιβῆς
592 756 751 805 εἵνεκα
797 761 898 816 τοῖς
936 755 1187 816 αὐσονίοις
1226 755 1291 816 ὡς
1331 757 1492 824 δῶρον
1529 759 1855 823 προσοίσαιμι.

172 829 363 897 ἀπάρας
411 824 502 880 οὗν
548 829 602 879 ἐκ
647 830 879 896 πατρίδος
924 829 1136 895 ἀχανοῦς
1181 830 1417 880 τοσούτου
1463 831 1724 897 πελάγους,
1778 851 1857 882 το-

171 905 363 954 σούτων
402 923 449 953 τε
487 912 728 971 πειρατῶν
766 902 1116 970 ὑπερεωρακὼς
1147 903 1196 964 ἐς
1226 904 1371 968 τήνδε
1402 905 1683 972 περίφημον
1713 906 1857 956 πόλιν

172 978 442 1044 φερραρίης
487 985 716 1043 κατῆρκα.
795 977 908 1027 ὅποι
947 979 1157 1043 βοηθεία
1195 986 1281 1028 τοῦ
1324 979 1515 1028 καιλίου
1560 980 1856 1030 καλκανίνου

173 1051 436 1119 ἀρξάμενοι
475 1051 568 1101 σὺν
606 1056 709 1101 θεῶ
741 1059 828 1116 τῆς
859 1052 1032 1117 βίβλου
1064 1050 1145 1101 καὶ
1177 1051 1539 1112 ἐντυπώσαντες
1562 1080 1635 1086 --
1657 1051 1856 1117 ἠξίωσα.

177 1127 319 1184 Quod
366 1142 482 1175 sane
527 1127 777 1189 exemplar
821 1126 953 1174 unde
1000 1127 1333 1188 descripserit,
1382 1127 1620 1175 Arsenius
1665 1127 1858 1191 βιβλίον

173 1200 368 1259 σεσιπός
409 1194 461 1267 (1.
496 1217 535 1248 8.
575 1193 809 1267 σεσηπός)
851 1200 992 1261 dicit,
1029 1200 1082 1248 id
1120 1201 1172 1248 in
1211 1200 1426 1251 codicem
1464 1201 1856 1249 Laurentianum

168 1275 309 1323 LVII
349 1277 414 1322 27
464 1290 563 1323 non
610 1275 763 1336 cadit,
819 1275 903 1323 sed
958 1274 1120 1336 quivis
1168 1275 1399 1323 concedet
1444 1276 1535 1324 hoc
1586 1275 1712 1323 nihil
1761 1275 1856 1324 nisi

168 1349 319 1397 verba
359 1364 461 1396 esse
500 1364 656 1411 posse.
733 1348 894 1396 Maius
933 1350 1236 1396 momentum
1276 1352 1447 1397 contra
1492 1349 1620 1397 hanc
1636 1349 1855 1413 ‚coniec-

169 1424 336 1471 turam
373 1421 553 1470 habere
584 1422 797 1483 videtur,
837 1422 969 1484 quod
1006 1437 1104 1471 non
1144 1438 1268 1484 quae
1309 1422 1523 1471 editione
1553 1422 1854 1471 Ferrariensi

172 1497 486 1545 continentur
523 1498 688 1544 omnia
726 1496 780 1543 in
811 1496 974 1544 codice
999 1496 1456 1544 Wolfenbuttelano
1489 1498 1697 1545 exstant.
1759 1496 1854 1544 De-

173 1573 290 1619 sunt
329 1571 382 1617 in
419 1571 512 1619 hoc
550 1571 1054 1632 praeexercitamenta
1083 1570 1197 1618 inde
1230 1585 1260 1618 a
1291 1569 1433 1639 ψόγῳ
1467 1567 1615 1636 ὀργῆς
1647 1573 1696 1619 et
1728 1570 1854 1618 duae

169 1645 512 1693 oratiunculae
545 1642 617 1692 ὅτι
645 1642 698 1692 τὸ
722 1647 950 1692 πλουτεῖν
981 1641 1162 1702 ἀδίκως
1185 1650 1272 1692 τοῦ
1295 1641 1531 1692 πένεσθαι
1554 1641 1854 1709 ἀθλιώτερον

169 1721 218 1766 et
256 1715 365 1783 περὶ
405 1717 580 1783 φίλων,
632 1733 758 1780 quae
798 1716 887 1766 sub
926 1717 1073 1765 finem
1118 1717 1253 1765 illius
1297 1717 1410 1765 inde
1459 1733 1488 1765 a
1533 1718 1616 1766 fol.
1651 1719 1754 1766 236
1782 1733 1851 1780 sq.

168 1792 416 1855 leguntur.
492 1791 563 1840 At
600 1792 721 1840 haec
761 1792 998 1854 opuscula
1038 1807 1067 1839 a
1108 1791 1364 1840 Soteriano
1407 1790 1605 1853 Capsali
1651 1808 1710 1839 ex
1754 1791 1852 1840 alio

172 1866 336 1915 codice
369 1868 566 1928 sumpta
597 1867 715 1914 sunt
744 1881 845 1913 uno
878 1882 903 1912 e
935 1865 1105 1913 multis
1137 1865 1222 1927 qui
1254 1865 1342 1912 1113
1374 1865 1642 1926 continent,
1683 1865 1853 1927 quales

170 1955 271 1988 una
322 1955 544 2001 quaeque
590 1939 679 1988 illo
729 1941 950 2001 tempore
1001 1966 1074 1972 —
1121 1940 1291 2000 itaque
1330 1940 1481 1988 etiam
1520 1939 1741 1995 Estensis
1782 1965 1852 1972 -—

167 2013 470 2062 bibliotheca
503 2006 844 2079 possidebatff)

279 2087 386 2136 Iam
427 2087 466 2134 si
505 2087 816 2135 meminimus
857 2084 1053 2134 Cretam
1090 2088 1309 2148 patriam
1346 2086 1496 2134 fuisse
1534 2086 1753 2146 Arsenii‚
1799 2087 1851 2133 in

165 2161 258 2210 hac
283 2163 451 2209 autem
481 2162 646 2208 insula
671 2160 886 2209 codicem
909 2159 1300 2208 Laurentianum
1322 2159 1462 2208 LVII
1488 2162 1554 2208 27
1580 2159 1849 2208 Laurentio

166 2235 343 2283 Medici
384 2236 723 2296 comparatum
762 2249 865 2282 esse
878 2227 919 2300 ²)
959 2234 1190 2296 proclivis
1232 2235 1307 2282 est
1345 2234 1646 2294 coniectura,
1686 2234 1849 2280 omnia

168 2307 288 2356 bene
328 2309 580 2356 concinere
612 2308 855 2356 videntur.

277 2412 444 2473 Atque
482 2412 537 2459 hi
577 2411 771 2472 quidem
814 2411 1002 2458 codices
1042 2413 1157 2458 sunt
1195 2410 1484 2472 superstites
1525 2408 1701 2470 quibus
1740 2409 1848 2472 βίος

88 2527 90 2529 ,
167 2485 459 2533 continetur.
537 2485 667 2533 Nam
707 2484 801 2532 duo
843 2486 927 2545 qui
976 2485 1172 2545 praeter
1216 2484 1305 2531 hos
1352 2483 1580 2552 feruntur
1626 2482 1847 2530 codicum

167 2574 369 2606 numero
420 2558 590 2605 haberi
642 2574 739 2605 non
788 2560 1009 2620 possunt.
1088 2556 1304 2614 Quorum
1354 2555 1489 2619 prior
1495 2571 1686 2629 Auem
1730 2555 1845 2603 Fed.

166 2631 401 2679 Morellus
451 2625 611 2696 (Tom.
651 2631 675 2677 Ι
721 2631 880 2678 Praef.
921 2630 985 2678 ad
1022 2631 1132 2678 lect.
1171 2647 1218 2692 p.
1256 2633 1308 2677 1:
1363 2631 1539 2678 atenim
1590 2643 1670 2677 eas
1717 2629 1848 2678 labes

287 2790 330 2843 1)
362 2785 427 2830 Cf.
461 2785 583 2828 infra
613 2784 795 2828 codices
826 2800 869 2828 n.
896 2789 951 2828 36
985 2787 1032 2828 et
1057 2786 1314 2840 sequentes,
1347 2783 1468 2828 inter
1500 2797 1614 2839 quos
1638 2783 1847 2828 Estensis

167 2850 238 2893 est
267 2861 310 2891 n.
338 2849 406 2888 48.

285 2907 330 2963 2)
361 2903 427 2948 Cf.
462 2915 602 2958 supra
632 2918 676 2959 p.
705 2907 774 2947 59.
