2026 3168
148 129 254 181 110
687 129 913 174 LIBANH
944 128 1286 175 ORATIONES

146 265 358 334 δρόμον
395 273 506 317 τῶν
544 263 686 318 νέων
723 266 958 319 παλαιόν
996 285 1054 317 τε
1090 263 1182 318 καὶ
1218 263 1271 328 ἐξ
1305 265 1543 334 ὅσουπερ
1590 264 1824 336 ἐμπορία

146 356 351 422 λόγων,
398 354 496 422 ἥδε
542 353 738 421 ἔστησέ
778 373 836 406 τε
875 355 907 422 ἡ
947 362 1016 423 γῆ
1054 353 1178 423 παρ’
1228 355 1365 425 αὑτῇ
1403 355 1492 407 καὶ
1532 353 1712 408 ἔπεισε
1749 356 1851 424 μὴ·

145 444 442 512 πόρρωθεν
494 443 710 512 πονηρὰ
762 443 1063 511 λαμβάνειν
1116 441 1241 505 ἐξὸν
1301 441 1544 511 ἐγγύθεν
1605 442 1822 513 ἀμείνω.

147 530 233 583 54.
272 531 362 584 καὶ
401 532 510 600 μὴν
549 531 578 583 ὅ
611 550 673 600 γε
713 531 851 601 ἀνὴρ
884 530 1092 594 ἐκεῖνος
1132 531 1160 584 ὁ
1194 530 1571 601 “Ηρακλεώτης
1610 534 1824 601 σωροὺς

101 641 121 673 5
146 618 235 688 ἐφ’
258 618 461 688 ἁμάξης
486 616 618 688 ἧκεν
642 622 793 689 ἄγων
822 621 1073 688 βιβλίων,
1103 629 1282 673 ποιῶν
1303 640 1370 688 με
1401 613 1484 682 οἷς
1515 619 1826 690 ἐβουλόμην

57 721 98 764 R
119 725 175 763 40
206 709 499 761 πλούσιον·
536 707 650 761 ἐπεὶ
683 710 731 761 εἰ
762 716 868 777 γῆν
898 728 956 760 τε
986 707 1077 761 καὶ
1113 706 1118 779 Ι
1155 709 1389 771 ὁλκάδας
1419 707 1510 762 καὶ
1541 711 1824 772 συνοικίας

145 796 352 866 ἐδίδου,
393 797 538 850 δοκῶ
577 817 671 866 μοι
711 798 810 850 τὸν
857 798 1161 867 ἄνθρωπον
1207 796 1278 850 ἂν
1324 796 1611 860 ἐπαινέσας
1657 798 1826 851 αὐτὸν

143 889 397 939 κελεῦσαι
427 883 588 955 ἔχειν.
651 878 774 939 οἷόν
812 905 866 939 τι
903 884 994 938 καὶ
1033 886 1169 955 πρὸς
1207 885 1421 939 ἐκεῖνον
1460 884 1689 955 ἐποίησα
1725 888 1826 940 τὸν

144 973 233 1028 ἐπὶ
274 975 504 1027 δεῖπνόν
541 994 599 1027 τε
638 976 747 1043 ἅμα
779 974 869 1028 καὶ
907 975 1079 1043 αὐτὴν
1109 976 1210 1044 τὴν
1239 974 1522 1044 θυγατέρα
1551 979 1827 1028 καλοῦντα

77 1085 119 1115 10
143 1066 321 1132 μόνην
359 1062 420 1116 ἐν
457 1064 715 1132 μεγάλοις
755 1064 900 1136 αὐτῷ
927 1064 1273 1134 τρεφομένην
1303 1067 1554 1133 χρήμασι,
1594 1065 1696 1132 τὴν
1725 1065 1828 1133 μὲν

144 1153 369 1221 γνώμην
423 1151 726 1220 ἐπαινέσας,
780 1154 1042 1215 κελεύσας
1095 1153 1157 1206 δὲ
1206 1156 1382 1222 ζητεῖν
1434 1156 1700 1222 νυμφίον,
1753 1153 1827 1215 ὡς

143 1239 329 1310 ἔμοιγε
387 1242 556 1310 οὔσης
609 1240 731 1294 ἀντὶ
786 1242 1050 1310 γυναικὸς
1102 1249 1198 1310 τῆς
1249 1241 1452 1311 τέχνης.
1552 1240 1637 1294 55.
1699 1242 1825 1310 περὶ

142 1331 212 1399 ἣν
258 1329 400 1382 οὕτω
448 1331 549 1398 τὴν
595 1327 799 1383 ἔνθεον
844 1329 1097 1400 ἐμεμήνει
1143 1333 1348 1399 μανίαν
1392 1332 1425 1398 ἡ
1468 1331 1826 1399 Νικομήδους

143 1420 318 1487 πόλις,
365 1420 503 1472 ὥστε
548 1420 653 1488 ’ἤδη
700 1439 766 1488 με
811 1419 915 1472 κάν
963 1428 1082 1482 ταῖς
1127 1425 1360 1489 θερμαῖς
1408 1422 1825 1488 κολυμβήθραις

78 1528 119 1560 15
143 1506 245 1560 τάν
289 1514 364 1580 τῷ
406 1508 767 1579 διδασκαλείῳ
815 1516 999 1561 ποιεῖν
1043 1506 1134 1560 καὶ
1179 1508 1317 1577 μηδὲ
1361 1515 1532 1560 ταῦτα
1576 1505 1675 1570 ἔξω
1723 1515 1822 1560 τοῦ

143 1598 319 1664 νόμου
358 1604 475 1659 τοῖς
516 1597 759 1659 ἰδιώταις
798 1593 940 1649 εἶναι
980 1597 1179 1649 δοκεῖν.
1258 1596 1431 1658 οὕτως
1472 1597 1604 1665 ἡμῖν
1643 1597 1824 1649 ἅπασα

142 1684 175 1752 ἡ
215 1687 375 1747 πόλις
411 1687 759 1754 καθειστήκει
798 1693 1082 1752 μουσεῖον·
1128 1685 1185 1738 οἵ
1225 1704 1290 1753 γε
1326 1683 1418 1738 καὶ
1455 1686 1585 1747 τοὺς
1622 1686 1824 1753 προλό-

144 1793 279 1841 γους
339 1774 885 1843 παραλαμβάνοντες,
946 1775 1116 1826 τᾶλλα
1177 1772 1533 1841 ἐκβάλλοντες
1594 1771 1824 1844 ᾄσματα,

145 1860 371 1932 ᾄδοντες
416 1870 697 1931 πανταχοῦ
746 1862 1043 1916 διετέλουν.
1119 1861 1205 1915 56.
1258 1862 1291 1930 ἡ
1337 1863 1560 1929 μεγίστη
1610 1862 1672 1914 δὲ
1712 1871 1823 1915 τῶν

78 1971 119 2003 20
146 1952 223 2013 εἰς
267 1950 626 2019 εὐφροσύνην
672 1950 894 2021 ἀφορμὴ
931 1953 994 2005 τὸ
1035 1960 1228 2019 σαφεῖς
1266 1956 1565 2018 κεκτῆσθαι
1605 1953 1822 2019 φίλους,

144 2035 222 2092 ὧν
269 2040 436 2093 οὐδὲν
483 2039 584 2108 ὅ,τι
631 2040 697 2092 οὐ
745 2042 1035 2093 λείπεσθαι
1079 2049 1191 2092 τῶν
1237 2039 1556 2092 δοκούντων
1594 2038 1824 2107 ἀγαθῶν

144 2127 172 2180 ὁ
214 2127 521 2197 Εὐριπίδης
568 2130 757 2197 φησίν,
808 2129 986 2197 εἰδώς,
1037 2129 1120 2181 ὅτι
1171 2123 1326 2181 οὗτοι
1378 2129 1432 2180 οἱ
1482 2136 1675 2196 σαφεῖς
1721 2127 1821 2179 οὐκ

145 2350 198 2388 26
261 2293 288 2329 4
321 2291 575 2390 Κ4ρ8ιξπῖνος
612 2303 657 2344 p.
692 2292 762 2342 96,
790 2293 813 2332 7
963 2293 1017 2332 22
1050 2287 1159 2334 Eur.
1191 2286 1264 2331 Or.
1301 2291 1414 2330 1155
1439 2301 1504 2342 sq.
1539 2286 1594 2330 cf.
1627 2286 1691 2329 IV
1722 2291 1821 2342 861,

205 2381 212 2389 .
247 2360 317 2402 ep.

264 2498 317 2536 18
350 2493 453 2548 ἤτοι
467 2520 473 2527 -
485 2492 847 2550 ἀπορρίπτοντες
873 2496 917 2539 V

262 2645 284 2683 1
319 2638 430 2684 ὅσου
461 2642 505 2686 L
604 2646 628 2684 2
663 2642 778 2699 αὐτῇ
810 2643 855 2686 L
961 2646 987 2684 5
1020 2641 1102 2699 μὲν
1135 2642 1179 2686 L
1277 2646 1302 2684 6
1336 2641 1377 2684 εἰ
1409 2653 1463 2683 ex
1495 2632 1569 2684 εῗέ
1595 2653 1695 2682 corr
1728 2640 1766 2684 O

143 2703 168 2742 9
201 2697 279 2755 ἐμέ
307 2715 356 2742 τε
387 2699 483 2756 ἅμα
515 2699 671 2743 Gasda
808 2705 861 2744 10
894 2701 1019 2761 αὐτῷ
1020 2659 1149 2744 μΜοι·
1179 2700 1246 2743 Re
1289 2700 1295 2757 Ι
1343 2705 1422 2755 τῆς
1455 2699 1536 2755 μὲν
1567 2700 1749 2771 γνώμης
1781 2699 1825 2743 V

143 2760 191 2802 et
221 2757 378 2801 Gasda
471 2763 523 2802 12
557 2756 658 2815 ἐμοί
679 2775 740 2832 γε
771 2760 916 2803 PBV
1002 2763 1056 2803 14
1087 2754 1177 2820 κᾷν
1212 2759 1293 2802 ΟΡ
1319 2758 1440 2801 Mor
1449 2759 1518 2801 Re
1602 2763 1656 2801 15
1687 2755 1731 2800 τ’
1760 2755 1818 2800 ἂν

146 2817 284 2862 CPV
307 2817 410 2860 Mor
439 2818 506 2860 Re
541 2818 547 2875 Ι
580 2776 692 2874 μηδ’
721 2818 930 2862 ἐνταῦθα
961 2819 1031 2862 Re
1059 2805 1199 2860 Anim
1320 2821 1374 2860 19
1407 2817 1465 2873 δὴ
1496 2816 1605 2859 libri
1635 2817 1746 2860 Fen·
1772 2817 1820 2859 et

142 2893 197 2933 γρ
228 2875 330 2920 Mor
360 2876 409 2919 in
441 2889 575 2933 marg
739 2881 794 2920 20
838 2893 888 2920 κε
919 2877 969 2920 in
999 2880 1253 2932 κεκτῆσθαι
1284 2876 1333 2919 in
1363 2888 1438 2918 ras
1438 2834 1534 2918 η,Ρ4
1661 2880 1714 2919 21
1749 2873 1819 2919 ὃτι

143 2942 228 2979 οῦν
260 2936 304 2980 L
365 2935 523 2979 ὁτιοῦν
550 2935 652 2979 Mor
