<?xml version="1.0" encoding="UTF-8"?>
<!DOCTYPE html PUBLIC "-//W3C//DTD XHTML 1.0 Transitional//EN"
    "http://www.w3.org/TR/xhtml1/DTD/xhtml1-transitional.dtd">
<html xmlns="http://www.w3.org/1999/xhtml" xml:lang="en" lang="en">
 <head>
  <title>
</title>
<meta http-equiv="Content-Type" content="text/html;charset=utf-8" />
  <meta name='ocr-system' content='tesseract 3.04.00' />
  <meta name='ocr-capabilities' content='ocr_page ocr_carea ocr_par ocr_line ocrx_word'/>
</head>
<body>
  <div class='ocr_page' id='page_1' title='image "./operarecensuitri01libauoft_0180.png"; bbox 0 0 2026 3168; ppageno 0'>
   <div class='ocr_carea' id='block_1_1' title="bbox 162 130 1300 184">
    <p class='ocr_par' dir='ltr' id='par_1_1' title="bbox 162 130 1300 184">
     <span class='ocr_line' id='line_1_1' title="bbox 162 130 1300 184; baseline 0.001 -10"><span class='ocrx_word' id='word_1_1' title='bbox 162 132 267 184; x_wconf 84' lang='lat'><em>164</em></span> <span class='ocrx_word' id='word_1_2' title='bbox 700 131 928 175; x_wconf 87' lang='lat' dir='ltr'><strong>LIBANH</strong></span> <span class='ocrx_word' id='word_1_3' title='bbox 959 130 1300 175; x_wconf 81' lang='lat' dir='ltr'><strong>ORATIONES</strong></span> 
     </span>
    </p>
   </div>
   <div class='ocr_carea' id='block_1_2' title="bbox 79 263 1851 2373">
    <p class='ocr_par' dir='ltr' id='par_1_2' title="bbox 103 263 1843 514">
     <span class='ocr_line' id='line_1_2' title="bbox 103 263 1843 337; baseline -0.001 -16"><span class='ocrx_word' id='word_1_4' title='bbox 103 269 140 337; x_wconf 84' lang='lat'>†</span> <span class='ocrx_word' id='word_1_5' title='bbox 163 269 196 336; x_wconf 76' lang='grc' dir='ltr'><em>η’</em></span> <span class='ocrx_word' id='word_1_6' title='bbox 217 287 298 331; x_wconf 90' lang='grc' dir='ltr'><em>τις</em></span> <span class='ocrx_word' id='word_1_7' title='bbox 321 263 452 336; x_wconf 81' lang='grc' dir='ltr'><em>ἧκεν</em></span> <span class='ocrx_word' id='word_1_8' title='bbox 477 265 563 319; x_wconf 87' lang='grc' dir='ltr'><em>ἐπὶ</em></span> <span class='ocrx_word' id='word_1_9' title='bbox 587 267 684 319; x_wconf 88' lang='grc' dir='ltr'><em>τὸν</em></span> <span class='ocrx_word' id='word_1_10' title='bbox 695 265 1030 335; x_wconf 84' lang='grc' dir='ltr'><em>Ἀδελφειόν,</em></span> <span class='ocrx_word' id='word_1_11' title='bbox 1056 266 1117 328; x_wconf 87' lang='grc' dir='ltr'><em>ὃς</em></span> <span class='ocrx_word' id='word_1_12' title='bbox 1139 272 1303 319; x_wconf 84' lang='grc' dir='ltr'><em>θεῖον</em></span> <span class='ocrx_word' id='word_1_13' title='bbox 1325 266 1426 335; x_wconf 86' lang='grc' dir='ltr'><em>μέν</em></span> <span class='ocrx_word' id='word_1_14' title='bbox 1449 287 1501 320; x_wconf 92' lang='grc' dir='ltr'><em>τι</em></span> <span class='ocrx_word' id='word_1_15' title='bbox 1524 269 1624 336; x_wconf 81' lang='grc' dir='ltr'><em>τὴν</em></span> <span class='ocrx_word' id='word_1_16' title='bbox 1648 270 1843 335; x_wconf 83' lang='grc' dir='ltr'><strong><em>φιλίαν</em></strong></span> 
     </span>
     <span class='ocr_line' id='line_1_3' title="bbox 167 352 1843 426; baseline 0 -17"><span class='ocrx_word' id='word_1_17' title='bbox 167 356 368 425; x_wconf 82' lang='grc' dir='ltr'><em>ἡγεῖτο,</em></span> <span class='ocrx_word' id='word_1_18' title='bbox 406 363 689 426; x_wconf 79' lang='grc' dir='ltr'><em>καρτερεῖν</em></span> <span class='ocrx_word' id='word_1_19' title='bbox 730 353 790 408; x_wconf 79' lang='grc' dir='ltr'><em>δὲ</em></span> <span class='ocrx_word' id='word_1_20' title='bbox 828 356 967 423; x_wconf 89' lang='grc' dir='ltr'><em>πρὸς</em></span> <span class='ocrx_word' id='word_1_21' title='bbox 1006 354 1244 422; x_wconf 76' lang='grc' dir='ltr'><em>ἀνάγκας</em></span> <span class='ocrx_word' id='word_1_22' title='bbox 1287 355 1387 408; x_wconf 82' lang='grc' dir='ltr'><em>οὐκ</em></span> <span class='ocrx_word' id='word_1_23' title='bbox 1427 352 1535 425; x_wconf 82' lang='grc' dir='ltr'><em>εἶχε</em></span> <span class='ocrx_word' id='word_1_24' title='bbox 1574 354 1663 408; x_wconf 89' lang='grc' dir='ltr'><em>καὶ</em></span> <span class='ocrx_word' id='word_1_25' title='bbox 1703 356 1843 424; x_wconf 85' lang='grc' dir='ltr'><em>ὡμο-</em></span> 
     </span>
     <span class='ocr_line' id='line_1_4' title="bbox 165 442 1841 514; baseline -0.001 -16"><span class='ocrx_word' id='word_1_26' title='bbox 165 447 311 514; x_wconf 90' lang='grc' dir='ltr'><em>λόγει</em></span> <span class='ocrx_word' id='word_1_27' title='bbox 343 444 408 513; x_wconf 86' lang='grc' dir='ltr'><em>γέ</em></span> <span class='ocrx_word' id='word_1_28' title='bbox 437 465 523 497; x_wconf 92' lang='grc' dir='ltr'><em>τοι</em></span> <span class='ocrx_word' id='word_1_29' title='bbox 553 451 718 497; x_wconf 86' lang='grc' dir='ltr'><em>τοῦτο</em></span> <span class='ocrx_word' id='word_1_30' title='bbox 751 444 840 497; x_wconf 88' lang='grc' dir='ltr'><em>καὶ</em></span> <span class='ocrx_word' id='word_1_31' title='bbox 875 443 1163 511; x_wconf 84' lang='grc' dir='ltr'><em>ὁμολογῶν</em></span> <span class='ocrx_word' id='word_1_32' title='bbox 1193 442 1475 514; x_wconf 75' lang='grc' dir='ltr'><em>ᾐσχύνετο.</em></span> <span class='ocrx_word' id='word_1_33' title='bbox 1518 444 1637 497; x_wconf 82' lang='grc'>174.</span> <span class='ocrx_word' id='word_1_34' title='bbox 1667 444 1841 497; x_wconf 84' lang='grc' dir='ltr'><em>ἐδεῖτο</em></span> 
     </span>
    </p>

    <p class='ocr_par' dir='ltr' id='par_1_3' title="bbox 118 531 1843 605">
     <span class='ocr_line' id='line_1_5' title="bbox 118 531 1843 605; baseline -0.001 -18"><span class='ocrx_word' id='word_1_35' title='bbox 118 556 140 587; x_wconf 84' lang='lat'>4</span> <span class='ocrx_word' id='word_1_36' title='bbox 163 531 267 587; x_wconf 78' lang='grc' dir='ltr'><em>οὖν</em></span> <span class='ocrx_word' id='word_1_37' title='bbox 304 534 459 601; x_wconf 80' lang='grc' dir='ltr'><em>ἡμῶν</em></span> <span class='ocrx_word' id='word_1_38' title='bbox 498 534 673 586; x_wconf 84' lang='grc' dir='ltr'><strong><em>αἰτεῖν</em></strong></span> <span class='ocrx_word' id='word_1_39' title='bbox 712 533 858 605; x_wconf 81' lang='grc' dir='ltr'><em>αὑτῷ</em></span> <span class='ocrx_word' id='word_1_40' title='bbox 892 534 1039 601; x_wconf 79' lang='grc' dir='ltr'><em>παρὰ</em></span> <span class='ocrx_word' id='word_1_41' title='bbox 1084 540 1180 600; x_wconf 81' lang='grc' dir='ltr'><em>τῆς</em></span> <span class='ocrx_word' id='word_1_42' title='bbox 1228 533 1403 600; x_wconf 82' lang='grc' dir='ltr'><em>Τύχης</em></span> <span class='ocrx_word' id='word_1_43' title='bbox 1443 534 1540 586; x_wconf 92' lang='grc' dir='ltr'><em>τὸν</em></span> <span class='ocrx_word' id='word_1_44' title='bbox 1577 535 1843 602; x_wconf 79' lang='grc' dir='ltr'><em>θάνατον,</em></span> 
     </span>
    </p>

    <p class='ocr_par' dir='ltr' id='par_1_4' title="bbox 79 615 1846 1044">
     <span class='ocr_line' id='line_1_6' title="bbox 79 615 1846 692; baseline -0.002 -14"><span class='ocrx_word' id='word_1_45' title='bbox 79 635 120 678; x_wconf 85' lang='lat' dir='ltr'><strong>R</strong></span> <span class='ocrx_word' id='word_1_46' title='bbox 143 639 226 678; x_wconf 83' lang='lat'><em>115</em></span> <span class='ocrx_word' id='word_1_47' title='bbox 260 615 368 675; x_wconf 86' lang='grc' dir='ltr'><em>οἶοι</em></span> <span class='ocrx_word' id='word_1_48' title='bbox 403 620 408 692; x_wconf 91' lang='grc' dir='ltr'>Ι</span> <span class='ocrx_word' id='word_1_49' title='bbox 443 626 669 684; x_wconf 80' lang='grc' dir='ltr'><em>πολλοῖς</em></span> <span class='ocrx_word' id='word_1_50' title='bbox 715 619 977 689; x_wconf 81' lang='grc' dir='ltr'><em>ἐξαίφνης</em></span> <span class='ocrx_word' id='word_1_51' title='bbox 1016 619 1278 689; x_wconf 80' lang='grc' dir='ltr'><em>ἐπῆλθον.</em></span> <span class='ocrx_word' id='word_1_52' title='bbox 1349 622 1402 674; x_wconf 81' lang='grc' dir='ltr'><em>οἱ</em></span> <span class='ocrx_word' id='word_1_53' title='bbox 1441 618 1542 690; x_wconf 76' lang='grc' dir='ltr'><em>μὲν</em></span> <span class='ocrx_word' id='word_1_54' title='bbox 1581 623 1647 690; x_wconf 86' lang='grc' dir='ltr'><em>δὴ</em></span> <span class='ocrx_word' id='word_1_55' title='bbox 1689 623 1846 675; x_wconf 76' lang='grc' dir='ltr'><em>ἄλλοι</em></span> 
     </span>
     <span class='ocr_line' id='line_1_7' title="bbox 162 706 1846 779; baseline 0.001 -16"><span class='ocrx_word' id='word_1_56' title='bbox 162 711 358 773; x_wconf 79' lang='grc' dir='ltr'><em>πάντες</em></span> <span class='ocrx_word' id='word_1_57' title='bbox 405 711 659 779; x_wconf 77' lang='grc' dir='ltr'><em>εὔχοντο,</em></span> <span class='ocrx_word' id='word_1_58' title='bbox 706 708 826 779; x_wconf 82' lang='grc' dir='ltr'><em>ἐμοὶ</em></span> <span class='ocrx_word' id='word_1_59' title='bbox 883 706 942 762; x_wconf 76' lang='grc' dir='ltr'><em>δὲ</em></span> <span class='ocrx_word' id='word_1_60' title='bbox 993 709 1026 777; x_wconf 79' lang='grc' dir='ltr'>ἡ</span> <span class='ocrx_word' id='word_1_61' title='bbox 1073 719 1183 762; x_wconf 84' lang='grc' dir='ltr'><em>τῶν</em></span> <span class='ocrx_word' id='word_1_62' title='bbox 1233 711 1434 763; x_wconf 79' lang='grc' dir='ltr'><em>δεινῶν</em></span> <span class='ocrx_word' id='word_1_63' title='bbox 1482 709 1633 773; x_wconf 81' lang='grc' dir='ltr'><em>ἐλπὶς</em></span> <span class='ocrx_word' id='word_1_64' title='bbox 1682 707 1846 779; x_wconf 79' lang='grc' dir='ltr'><em>ἧττον</em></span> 
     </span>
     <span class='ocr_line' id='line_1_8' title="bbox 164 793 1846 869; baseline 0 -17"><span class='ocrx_word' id='word_1_65' title='bbox 164 793 305 852; x_wconf 88' lang='grc' dir='ltr'><em>εἶναι</em></span> <span class='ocrx_word' id='word_1_66' title='bbox 358 801 528 853; x_wconf 88' lang='grc' dir='ltr'><em>κακὸν</em></span> <span class='ocrx_word' id='word_1_67' title='bbox 580 799 836 867; x_wconf 81' lang='grc' dir='ltr'><em>τοιαύτης</em></span> <span class='ocrx_word' id='word_1_68' title='bbox 890 799 1052 868; x_wconf 81' lang='grc' dir='ltr'><em>εὐχῆς</em></span> <span class='ocrx_word' id='word_1_69' title='bbox 1106 796 1379 867; x_wconf 80' lang='grc' dir='ltr'><em>ἐφαίνετο.</em></span> <span class='ocrx_word' id='word_1_70' title='bbox 1469 807 1593 869; x_wconf 73' lang='grc' dir='ltr'><em>σιγῇ</em></span> <span class='ocrx_word' id='word_1_71' title='bbox 1649 802 1846 852; x_wconf 85' lang='grc' dir='ltr'><em>τοίνυν</em></span> 
     </span>
     <span class='ocr_line' id='line_1_9' title="bbox 165 884 1846 956; baseline 0.001 -16"><span class='ocrx_word' id='word_1_72' title='bbox 165 887 452 956; x_wconf 78' lang='grc' dir='ltr'><em>ἐδάκρυον.</em></span> <span class='ocrx_word' id='word_1_73' title='bbox 529 887 557 940; x_wconf 88' lang='grc' dir='ltr'>ὁ</span> <span class='ocrx_word' id='word_1_74' title='bbox 606 884 667 940; x_wconf 74' lang='grc' dir='ltr'><em>δὲ</em></span> <span class='ocrx_word' id='word_1_75' title='bbox 714 888 1054 954; x_wconf 80' lang='grc' dir='ltr'><em>λουσάμενός</em></span> <span class='ocrx_word' id='word_1_76' title='bbox 1099 907 1156 939; x_wconf 91' lang='grc' dir='ltr'><em>τε</em></span> <span class='ocrx_word' id='word_1_77' title='bbox 1201 886 1292 940; x_wconf 81' lang='grc' dir='ltr'><em>καὶ</em></span> <span class='ocrx_word' id='word_1_78' title='bbox 1333 889 1628 955; x_wconf 81' lang='grc' dir='ltr'><em>δειπνήσας</em></span> <span class='ocrx_word' id='word_1_79' title='bbox 1665 888 1846 941; x_wconf 78' lang='grc' dir='ltr'><em>ὕπνον</em></span> 
     </span>
     <span class='ocr_line' id='line_1_10' title="bbox 163 974 1846 1044; baseline 0.001 -16"><span class='ocrx_word' id='word_1_80' title='bbox 163 996 221 1028; x_wconf 87' lang='grc' dir='ltr'><em>τε</em></span> <span class='ocrx_word' id='word_1_81' title='bbox 269 976 407 1043; x_wconf 87' lang='grc' dir='ltr'><em>ὁμοῦ</em></span> <span class='ocrx_word' id='word_1_82' title='bbox 455 977 544 1029; x_wconf 82' lang='grc' dir='ltr'><em>καὶ</em></span> <span class='ocrx_word' id='word_1_83' title='bbox 584 977 834 1028; x_wconf 79' lang='grc' dir='ltr'><em>θάνατον</em></span> <span class='ocrx_word' id='word_1_84' title='bbox 874 974 1109 1044; x_wconf 83' lang='grc' dir='ltr'><em>δέχεται,</em></span> <span class='ocrx_word' id='word_1_85' title='bbox 1156 976 1293 1028; x_wconf 80' lang='grc' dir='ltr'><em>ὥστε</em></span> <span class='ocrx_word' id='word_1_86' title='bbox 1338 975 1517 1028; x_wconf 79' lang='grc' dir='ltr'><em>ἕωθεν</em></span> <span class='ocrx_word' id='word_1_87' title='bbox 1553 976 1708 1044; x_wconf 83' lang='grc' dir='ltr'><em>ἡμεῖς</em></span> <span class='ocrx_word' id='word_1_88' title='bbox 1745 977 1846 1044; x_wconf 81' lang='grc' dir='ltr'><em>μὲν</em></span> 
     </span>
    </p>

    <p class='ocr_par' dir='ltr' id='par_1_5' title="bbox 101 1060 1851 1488">
     <span class='ocr_line' id='line_1_11' title="bbox 101 1060 1847 1134; baseline -0.001 -16"><span class='ocrx_word' id='word_1_89' title='bbox 101 1087 142 1118; x_wconf 86' lang='lat'><em>10</em></span> <span class='ocrx_word' id='word_1_90' title='bbox 165 1072 412 1134; x_wconf 81' lang='grc' dir='ltr'><em>παρῆμεν</em></span> <span class='ocrx_word' id='word_1_91' title='bbox 451 1063 538 1116; x_wconf 80' lang='grc' dir='ltr'><em>ἐπὶ</em></span> <span class='ocrx_word' id='word_1_92' title='bbox 577 1065 679 1132; x_wconf 85' lang='grc' dir='ltr'><em>τὴν</em></span> <span class='ocrx_word' id='word_1_93' title='bbox 719 1063 980 1134; x_wconf 78' lang='grc' dir='ltr'><em>ἐκφοράν,</em></span> <span class='ocrx_word' id='word_1_94' title='bbox 1017 1063 1074 1116; x_wconf 84' lang='grc' dir='ltr'><em>ἐκ</em></span> <span class='ocrx_word' id='word_1_95' title='bbox 1115 1060 1175 1116; x_wconf 73' lang='grc' dir='ltr'><em>δὲ</em></span> <span class='ocrx_word' id='word_1_96' title='bbox 1213 1072 1325 1116; x_wconf 83' lang='grc' dir='ltr'><em>τῶν</em></span> <span class='ocrx_word' id='word_1_97' title='bbox 1354 1066 1649 1132; x_wconf 87' lang='grc' dir='ltr'><em>βασιλείων</em></span> <span class='ocrx_word' id='word_1_98' title='bbox 1685 1064 1847 1134; x_wconf 83' lang='grc' dir='ltr'><em>τινές,</em></span> 
     </span>
     <span class='ocr_line' id='line_1_12' title="bbox 167 1149 1851 1226; baseline 0.001 -21"><span class='ocrx_word' id='word_1_99' title='bbox 167 1153 239 1216; x_wconf 83' lang='grc' dir='ltr'><em>ὡς</em></span> <span class='ocrx_word' id='word_1_100' title='bbox 278 1151 491 1205; x_wconf 82' lang='grc' dir='ltr'><em>ἐκεῖνον</em></span> <span class='ocrx_word' id='word_1_101' title='bbox 531 1153 804 1221; x_wconf 84' lang='grc' dir='ltr'><em>δήσοντες.</em></span> <span class='ocrx_word' id='word_1_102' title='bbox 867 1153 895 1205; x_wconf 87' lang='grc' dir='ltr'>ὁ</span> <span class='ocrx_word' id='word_1_103' title='bbox 938 1149 999 1205; x_wconf 74' lang='grc' dir='ltr'><em>δὲ</em></span> <span class='ocrx_word' id='word_1_104' title='bbox 1040 1153 1241 1215; x_wconf 87' lang='grc' dir='ltr'><em>αὐτοὺς</em></span> <span class='ocrx_word' id='word_1_105' title='bbox 1281 1154 1630 1222; x_wconf 77' lang='grc' dir='ltr'><em>διεπεφεύγει</em></span> <span class='ocrx_word' id='word_1_106' title='bbox 1667 1160 1851 1226; x_wconf 80' lang='grc' dir='ltr'><em>πτηνῷ</em></span> 
     </span>
     <span class='ocr_line' id='line_1_13' title="bbox 165 1239 1848 1311; baseline 0.001 -17"><span class='ocrx_word' id='word_1_107' title='bbox 165 1239 892 1311; x_wconf 80' lang='grc' dir='ltr'><em>τάχει.175.σπινθηρων</em></span> <span class='ocrx_word' id='word_1_108' title='bbox 930 1242 1124 1294; x_wconf 86' lang='grc' dir='ltr'><em>τοίνυν</em></span> <span class='ocrx_word' id='word_1_109' title='bbox 1165 1239 1218 1304; x_wconf 81' lang='grc' dir='ltr'><em>ἐξ</em></span> <span class='ocrx_word' id='word_1_110' title='bbox 1251 1240 1573 1310; x_wconf 82' lang='grc' dir='ltr'><em>ἐπιστολων,</em></span> <span class='ocrx_word' id='word_1_111' title='bbox 1604 1251 1715 1295; x_wconf 84' lang='grc' dir='ltr'><em>τῶν</em></span> <span class='ocrx_word' id='word_1_112' title='bbox 1745 1262 1848 1311; x_wconf 92' lang='grc' dir='ltr'><em>μεν</em></span> 
     </span>
     <span class='ocr_line' id='line_1_14' title="bbox 166 1327 1848 1401; baseline 0.001 -18"><span class='ocrx_word' id='word_1_113' title='bbox 166 1328 292 1400; x_wconf 86' lang='grc' dir='ltr'><em>παρ’</em></span> <span class='ocrx_word' id='word_1_114' title='bbox 353 1329 486 1397; x_wconf 83' lang='grc' dir='ltr'><em>ἐμοῦ</em></span> <span class='ocrx_word' id='word_1_115' title='bbox 540 1330 676 1399; x_wconf 91' lang='grc' dir='ltr'><em>πρὸς</em></span> <span class='ocrx_word' id='word_1_116' title='bbox 731 1329 971 1399; x_wconf 81' lang='grc' dir='ltr'><em>ἑτέρους,</em></span> <span class='ocrx_word' id='word_1_117' title='bbox 1026 1339 1137 1382; x_wconf 85' lang='grc' dir='ltr'><em>τῶν</em></span> <span class='ocrx_word' id='word_1_118' title='bbox 1192 1327 1253 1382; x_wconf 87' lang='grc' dir='ltr'><em>δε</em></span> <span class='ocrx_word' id='word_1_119' title='bbox 1308 1329 1428 1399; x_wconf 79' lang='grc' dir='ltr'><em>ἐμοι</em></span> <span class='ocrx_word' id='word_1_120' title='bbox 1481 1330 1609 1401; x_wconf 87' lang='grc' dir='ltr'><em>παρ’</em></span> <span class='ocrx_word' id='word_1_121' title='bbox 1666 1332 1848 1384; x_wconf 76' lang='grc' dir='ltr'><em>ἄλλων</em></span> 
     </span>
     <span class='ocr_line' id='line_1_15' title="bbox 165 1412 1848 1488; baseline 0.001 -17"><span class='ocrx_word' id='word_1_122' title='bbox 165 1419 503 1488; x_wconf 77' lang='grc' dir='ltr'><em>ἀφιγμένων,</em></span> <span class='ocrx_word' id='word_1_123' title='bbox 551 1418 610 1471; x_wconf 85' lang='grc' dir='ltr'><em>ἐν</em></span> <span class='ocrx_word' id='word_1_124' title='bbox 657 1412 742 1481; x_wconf 85' lang='grc' dir='ltr'><em>αἷς</em></span> <span class='ocrx_word' id='word_1_125' title='bbox 788 1418 974 1471; x_wconf 89' lang='grc' dir='ltr'><em>ἀδικιά</em></span> <span class='ocrx_word' id='word_1_126' title='bbox 1019 1439 1121 1487; x_wconf 91' lang='grc' dir='ltr'><em>μεν</em></span> <span class='ocrx_word' id='word_1_127' title='bbox 1168 1419 1421 1487; x_wconf 78' lang='grc' dir='ltr'><em>οὐδεμία,</em></span> <span class='ocrx_word' id='word_1_128' title='bbox 1470 1421 1631 1487; x_wconf 84' lang='grc' dir='ltr'><em>λαβαὶ</em></span> <span class='ocrx_word' id='word_1_129' title='bbox 1682 1418 1734 1472; x_wconf 87' lang='grc' dir='ltr'><em>δ’</em></span> <span class='ocrx_word' id='word_1_130' title='bbox 1777 1419 1848 1472; x_wconf 77' lang='grc' dir='ltr'><em>ἂν</em></span> 
     </span>
    </p>

    <p class='ocr_par' dir='ltr' id='par_1_6' title="bbox 106 1506 1848 1755">
     <span class='ocr_line' id='line_1_16' title="bbox 106 1506 1848 1578; baseline 0 -17"><span class='ocrx_word' id='word_1_131' title='bbox 106 1528 147 1562; x_wconf 90' lang='lat'><em>15</em></span> <span class='ocrx_word' id='word_1_132' title='bbox 170 1506 424 1575; x_wconf 76' lang='grc' dir='ltr'><em>ἐγένοντο</em></span> <span class='ocrx_word' id='word_1_133' title='bbox 496 1508 867 1576; x_wconf 73' lang='grc' dir='ltr'><em>συκοφάνταις</em></span> <span class='ocrx_word' id='word_1_134' title='bbox 935 1507 1284 1578; x_wconf 77' lang='grc' dir='ltr'><em>ἀνθρώποις,</em></span> <span class='ocrx_word' id='word_1_135' title='bbox 1365 1509 1563 1570; x_wconf 87' lang='grc' dir='ltr'><em>ταύτας</em></span> <span class='ocrx_word' id='word_1_136' title='bbox 1625 1509 1692 1578; x_wconf 85' lang='grc' dir='ltr'><em>δὴ</em></span> <span class='ocrx_word' id='word_1_137' title='bbox 1752 1509 1848 1572; x_wconf 81' lang='grc' dir='ltr'><em>τὰς</em></span> 
     </span>
     <span class='ocr_line' id='line_1_17' title="bbox 170 1595 1847 1667; baseline 0.002 -19"><span class='ocrx_word' id='word_1_138' title='bbox 170 1595 420 1665; x_wconf 79' lang='grc' dir='ltr'><em>ἀφορμὰς</em></span> <span class='ocrx_word' id='word_1_139' title='bbox 464 1597 607 1665; x_wconf 76' lang='grc' dir='ltr'><em>μάλα</em></span> <span class='ocrx_word' id='word_1_140' title='bbox 647 1597 884 1658; x_wconf 83' lang='grc' dir='ltr'><em>εὐπετῶς</em></span> <span class='ocrx_word' id='word_1_141' title='bbox 924 1595 1141 1649; x_wconf 79' lang='grc' dir='ltr'><em>ἀνεῖλεν</em></span> <span class='ocrx_word' id='word_1_142' title='bbox 1178 1595 1211 1664; x_wconf 83' lang='grc' dir='ltr'><em>ἡ</em></span> <span class='ocrx_word' id='word_1_143' title='bbox 1261 1597 1431 1666; x_wconf 88' lang='grc' dir='ltr'><em>Τύχη,</em></span> <span class='ocrx_word' id='word_1_144' title='bbox 1471 1597 1608 1650; x_wconf 81' lang='grc' dir='ltr'><em>ὥστε</em></span> <span class='ocrx_word' id='word_1_145' title='bbox 1648 1596 1708 1650; x_wconf 83' lang='grc' dir='ltr'><em>ἐν</em></span> <span class='ocrx_word' id='word_1_146' title='bbox 1746 1618 1847 1667; x_wconf 89' lang='grc' dir='ltr'><em>μυ-</em></span> 
     </span>
     <span class='ocr_line' id='line_1_18' title="bbox 169 1681 1359 1755; baseline 0.001 -18"><span class='ocrx_word' id='word_1_147' title='bbox 169 1688 311 1754; x_wconf 90' lang='grc' dir='ltr'><em>ρίοις</em></span> <span class='ocrx_word' id='word_1_148' title='bbox 349 1685 627 1755; x_wconf 84' lang='grc' dir='ltr'><em>γράμμασι</em></span> <span class='ocrx_word' id='word_1_149' title='bbox 665 1687 735 1754; x_wconf 83' lang='grc' dir='ltr'><em>μὴ</em></span> <span class='ocrx_word' id='word_1_150' title='bbox 777 1681 919 1738; x_wconf 79' lang='grc' dir='ltr'><em>εἶναι</em></span> <span class='ocrx_word' id='word_1_151' title='bbox 959 1685 1176 1754; x_wconf 81' lang='grc' dir='ltr'><em>γράμμα</em></span> <span class='ocrx_word' id='word_1_152' title='bbox 1215 1683 1359 1754; x_wconf 79' lang='grc' dir='ltr'><em>ἐμόν.</em></span> 
     </span>
    </p>

    <p class='ocr_par' dir='ltr' id='par_1_7' title="bbox 169 1773 1847 1935">
     <span class='ocr_line' id='line_1_19' title="bbox 277 1773 1847 1843; baseline 0.001 -18"><span class='ocrx_word' id='word_1_153' title='bbox 277 1773 394 1826; x_wconf 84' lang='grc'>176.</span> <span class='ocrx_word' id='word_1_154' title='bbox 431 1777 536 1842; x_wconf 81' lang='grc' dir='ltr'><em>Τῆς</em></span> <span class='ocrx_word' id='word_1_155' title='bbox 568 1775 734 1842; x_wconf 82' lang='grc' dir='ltr'><em>αὐτῆς</em></span> <span class='ocrx_word' id='word_1_156' title='bbox 757 1780 898 1827; x_wconf 83' lang='grc' dir='ltr'><em>θεοῦ</em></span> <span class='ocrx_word' id='word_1_157' title='bbox 930 1774 1019 1826; x_wconf 83' lang='grc' dir='ltr'><em>καὶ</em></span> <span class='ocrx_word' id='word_1_158' title='bbox 1051 1774 1112 1826; x_wconf 93' lang='grc' dir='ltr'><em>τὸ</em></span> <span class='ocrx_word' id='word_1_159' title='bbox 1139 1773 1335 1843; x_wconf 77' lang='grc' dir='ltr'><em>(περὶ)</em></span> <span class='ocrx_word' id='word_1_160' title='bbox 1361 1774 1682 1843; x_wconf 84' lang='grc' dir='ltr'><em>Περγάμιον</em></span> <span class='ocrx_word' id='word_1_161' title='bbox 1704 1776 1847 1827; x_wconf 86' lang='grc' dir='ltr'><em>πολὺ</em></span> 
     </span>
     <span class='ocr_line' id='line_1_20' title="bbox 169 1861 1847 1935; baseline 0.001 -20"><span class='ocrx_word' id='word_1_162' title='bbox 169 1864 275 1930; x_wconf 89' lang='grc' dir='ltr'><em>πρὸ</em></span> <span class='ocrx_word' id='word_1_163' title='bbox 299 1864 474 1915; x_wconf 84' lang='grc' dir='ltr'><em>τῶνδε</em></span> <span class='ocrx_word' id='word_1_164' title='bbox 499 1872 610 1915; x_wconf 83' lang='grc' dir='ltr'><em>τῶν</em></span> <span class='ocrx_word' id='word_1_165' title='bbox 633 1871 818 1915; x_wconf 83' lang='grc' dir='ltr'><em>κακῶν</em></span> <span class='ocrx_word' id='word_1_166' title='bbox 849 1861 1214 1930; x_wconf 82' lang='grc' dir='ltr'><em>ἐγκαλέσαντά</em></span> <span class='ocrx_word' id='word_1_167' title='bbox 1235 1882 1306 1930; x_wconf 91' lang='grc' dir='ltr'><em>τι,</em></span> <span class='ocrx_word' id='word_1_168' title='bbox 1338 1864 1545 1926; x_wconf 80' lang='grc' dir='ltr'><em>ψεῦδος</em></span> <span class='ocrx_word' id='word_1_169' title='bbox 1570 1862 1687 1930; x_wconf 86' lang='grc' dir='ltr'><em>μέν,</em></span> <span class='ocrx_word' id='word_1_170' title='bbox 1718 1861 1847 1935; x_wconf 77' lang='grc' dir='ltr'><em>ᾤετο</em></span> 
     </span>
    </p>

    <p class='ocr_par' dir='ltr' id='par_1_8' title="bbox 107 1947 1848 2108">
     <span class='ocr_line' id='line_1_21' title="bbox 107 1947 1848 2020; baseline 0 -16"><span class='ocrx_word' id='word_1_171' title='bbox 107 1973 150 2004; x_wconf 81' lang='lat'><em>20</em></span> <span class='ocrx_word' id='word_1_172' title='bbox 174 1951 235 2004; x_wconf 82' lang='grc' dir='ltr'><em>δὲ</em></span> <span class='ocrx_word' id='word_1_173' title='bbox 272 1952 586 2019; x_wconf 82' lang='grc' dir='ltr'><em>ἠδικῆσθαι.</em></span> <span class='ocrx_word' id='word_1_174' title='bbox 655 1958 818 2003; x_wconf 82' lang='grc' dir='ltr'><em>τοῦτο</em></span> <span class='ocrx_word' id='word_1_175' title='bbox 861 1952 928 2019; x_wconf 84' lang='grc' dir='ltr'><em>δὴ</em></span> <span class='ocrx_word' id='word_1_176' title='bbox 968 1953 1159 2013; x_wconf 83' lang='grc' dir='ltr'><em>πείσας</em></span> <span class='ocrx_word' id='word_1_177' title='bbox 1198 1951 1367 2003; x_wconf 87' lang='grc' dir='ltr'><em>αὑτὸν</em></span> <span class='ocrx_word' id='word_1_178' title='bbox 1406 1950 1607 2020; x_wconf 79' lang='grc' dir='ltr'><em>ἐχθρὸς</em></span> <span class='ocrx_word' id='word_1_179' title='bbox 1647 1947 1732 2019; x_wconf 76' lang='grc' dir='ltr'><em>ἦν.</em></span> <span class='ocrx_word' id='word_1_180' title='bbox 1801 1953 1848 2004; x_wconf 86' lang='grc' dir='ltr'><em>εἰ</em></span> 
     </span>
     <span class='ocr_line' id='line_1_22' title="bbox 172 2036 1847 2108; baseline -0.001 -16"><span class='ocrx_word' id='word_1_181' title='bbox 172 2039 234 2092; x_wconf 80' lang='grc' dir='ltr'><em>δὲ</em></span> <span class='ocrx_word' id='word_1_182' title='bbox 265 2040 368 2092; x_wconf 86' lang='grc' dir='ltr'><em>οὐκ</em></span> <span class='ocrx_word' id='word_1_183' title='bbox 399 2036 486 2108; x_wconf 77' lang='grc' dir='ltr'><em>ἧν,</em></span> <span class='ocrx_word' id='word_1_184' title='bbox 518 2039 622 2092; x_wconf 78' lang='grc' dir='ltr'><em>κᾶν</em></span> <span class='ocrx_word' id='word_1_185' title='bbox 654 2038 944 2108; x_wconf 82' lang='grc' dir='ltr'><em>ἐξελάλησέ</em></span> <span class='ocrx_word' id='word_1_186' title='bbox 970 2059 1021 2092; x_wconf 89' lang='grc' dir='ltr'><em>τι</em></span> <span class='ocrx_word' id='word_1_187' title='bbox 1052 2048 1163 2092; x_wconf 82' lang='grc' dir='ltr'><em>τῶν</em></span> <span class='ocrx_word' id='word_1_188' title='bbox 1195 2041 1464 2092; x_wconf 79' lang='grc' dir='ltr'><em>οἰσόντων</em></span> <span class='ocrx_word' id='word_1_189' title='bbox 1495 2038 1614 2106; x_wconf 81' lang='grc' dir='ltr'><em>ἐμοὶ</em></span> <span class='ocrx_word' id='word_1_190' title='bbox 1643 2042 1847 2108; x_wconf 83' lang='grc' dir='ltr'><em>ζημίαν.</em></span> 
     </span>
    </p>

    <p class='ocr_par' dir='ltr' id='par_1_9' title="bbox 85 2125 1849 2373">
     <span class='ocr_line' id='line_1_23' title="bbox 85 2125 1849 2198; baseline -0.002 -14"><span class='ocrx_word' id='word_1_191' title='bbox 85 2141 127 2184; x_wconf 88' lang='lat' dir='ltr'>R</span> <span class='ocrx_word' id='word_1_192' title='bbox 149 2145 232 2184; x_wconf 85' lang='lat'><em>116</em></span> <span class='ocrx_word' id='word_1_193' title='bbox 258 2127 347 2180; x_wconf 85' lang='grc' dir='ltr'><em>καὶ</em></span> <span class='ocrx_word' id='word_1_194' title='bbox 383 2128 389 2197; x_wconf 88' lang='grc' dir='ltr'>Ι</span> <span class='ocrx_word' id='word_1_195' title='bbox 423 2130 524 2197; x_wconf 88' lang='grc' dir='ltr'><em>τὴν</em></span> <span class='ocrx_word' id='word_1_196' title='bbox 547 2127 853 2192; x_wconf 81' lang='grc' dir='ltr'><em>Αὐξεντίου</em></span> <span class='ocrx_word' id='word_1_197' title='bbox 886 2125 946 2180; x_wconf 76' lang='grc' dir='ltr'><em>δὲ</em></span> <span class='ocrx_word' id='word_1_198' title='bbox 976 2126 1099 2198; x_wconf 89' lang='grc' dir='ltr'><em>περὶ</em></span> <span class='ocrx_word' id='word_1_199' title='bbox 1130 2129 1344 2181; x_wconf 85' lang='grc' dir='ltr'><em>τούτων</em></span> <span class='ocrx_word' id='word_1_200' title='bbox 1373 2130 1509 2197; x_wconf 86' lang='grc' dir='ltr'><em>πρός</em></span> <span class='ocrx_word' id='word_1_201' title='bbox 1540 2148 1605 2195; x_wconf 90' lang='grc' dir='ltr'><em>με</em></span> <span class='ocrx_word' id='word_1_202' title='bbox 1636 2129 1849 2196; x_wconf 84' lang='grc' dir='ltr'><em>σιωπὴν</em></span> 
     </span>
     <span class='ocr_line' id='line_1_24' title="bbox 170 2213 1848 2286; baseline 0 -18"><span class='ocrx_word' id='word_1_203' title='bbox 170 2224 263 2283; x_wconf 80' lang='grc' dir='ltr'><em>τῆς</em></span> <span class='ocrx_word' id='word_1_204' title='bbox 311 2218 484 2286; x_wconf 92' lang='grc' dir='ltr'><em>Τύχης</em></span> <span class='ocrx_word' id='word_1_205' title='bbox 525 2218 710 2286; x_wconf 84' lang='grc' dir='ltr'><em>δῶρον</em></span> <span class='ocrx_word' id='word_1_206' title='bbox 746 2215 1053 2284; x_wconf 81' lang='grc' dir='ltr'><em>νομιστέον,</em></span> <span class='ocrx_word' id='word_1_207' title='bbox 1102 2217 1186 2269; x_wconf 84' lang='grc' dir='ltr'><em>ὅτι</em></span> <span class='ocrx_word' id='word_1_208' title='bbox 1226 2213 1391 2268; x_wconf 77' lang='grc' dir='ltr'><em>οὐδὲν</em></span> <span class='ocrx_word' id='word_1_209' title='bbox 1439 2216 1643 2269; x_wconf 82' lang='grc' dir='ltr'><em>εἰδέναι</em></span> <span class='ocrx_word' id='word_1_210' title='bbox 1682 2214 1848 2279; x_wconf 80' lang='grc' dir='ltr'><em>ἀξιῶν</em></span> 
     </span>
     <span class='ocr_line' id='line_1_25' title="bbox 171 2302 1847 2373; baseline -0.001 -16"><span class='ocrx_word' id='word_1_211' title='bbox 171 2306 484 2373; x_wconf 79' lang='grc' dir='ltr'><em>ἄνθρωπος,</em></span> <span class='ocrx_word' id='word_1_212' title='bbox 525 2305 553 2358; x_wconf 90' lang='grc' dir='ltr'><em>ὃ</em></span> <span class='ocrx_word' id='word_1_213' title='bbox 594 2306 665 2373; x_wconf 89' lang='grc' dir='ltr'><em>μὴ</em></span> <span class='ocrx_word' id='word_1_214' title='bbox 705 2303 797 2357; x_wconf 88' lang='grc' dir='ltr'><em>καὶ</em></span> <span class='ocrx_word' id='word_1_215' title='bbox 837 2302 928 2373; x_wconf 76' lang='grc' dir='ltr'><em>ἐμὲ</em></span> <span class='ocrx_word' id='word_1_216' title='bbox 968 2306 1104 2372; x_wconf 89' lang='grc' dir='ltr'><em>δεῖν,</em></span> <span class='ocrx_word' id='word_1_217' title='bbox 1143 2307 1305 2357; x_wconf 85' lang='grc' dir='ltr'><em>τοῦτό</em></span> <span class='ocrx_word' id='word_1_218' title='bbox 1338 2324 1399 2372; x_wconf 92' lang='grc' dir='ltr'><em>γε</em></span> <span class='ocrx_word' id='word_1_219' title='bbox 1431 2307 1670 2373; x_wconf 76' lang='grc' dir='ltr'><em>ἄρρητον</em></span> <span class='ocrx_word' id='word_1_220' title='bbox 1701 2303 1847 2356; x_wconf 75' lang='grc' dir='ltr'><em>ἐποι·</em></span> 
     </span>
    </p>
   </div>
   <div class='ocr_carea' id='block_1_3' title="bbox 171 2409 524 2415">
    <p class='ocr_par' dir='ltr' id='par_1_10' title="bbox 171 2409 524 2415">
     <span class='ocr_line' id='line_1_26' title="bbox 171 2409 524 2415; baseline 0 0"><span class='ocrx_word' id='word_1_221' title='bbox 171 2409 524 2415; x_wconf 95' lang='lat' dir='ltr'><em> </em></span> 
     </span>
    </p>
   </div>
   <div class='ocr_carea' id='block_1_4' title="bbox 171 2461 1849 2932">
    <p class='ocr_par' dir='ltr' id='par_1_11' title="bbox 171 2461 1849 2932">
     <span class='ocr_line' id='line_1_27' title="bbox 291 2461 1848 2522; baseline -0.001 -16"><span class='ocrx_word' id='word_1_222' title='bbox 291 2469 313 2506; x_wconf 94' lang='grc'><em>1</em></span> <span class='ocrx_word' id='word_1_223' title='bbox 347 2462 377 2519; x_wconf 79' lang='grc' dir='ltr'>ἤ</span> <span class='ocrx_word' id='word_1_224' title='bbox 407 2481 475 2514; x_wconf 87' lang='grc' dir='ltr'><em>τις</em></span> <span class='ocrx_word' id='word_1_225' title='bbox 527 2463 574 2508; x_wconf 78' lang='grc' dir='ltr'><em>εἶ’</em></span> <span class='ocrx_word' id='word_1_226' title='bbox 590 2481 659 2514; x_wconf 86' lang='grc' dir='ltr'><em>τις</em></span> <span class='ocrx_word' id='word_1_227' title='bbox 689 2466 766 2521; x_wconf 81' lang='lat' dir='ltr'>(sc.</span> <span class='ocrx_word' id='word_1_228' title='bbox 794 2463 974 2522; x_wconf 76' lang='grc' dir='ltr'><em>ἀνάγκη</em></span> <span class='ocrx_word' id='word_1_229' title='bbox 999 2464 1071 2508; x_wconf 80' lang='lat' dir='ltr'><em>vel</em></span> <span class='ocrx_word' id='word_1_230' title='bbox 1095 2463 1314 2522; x_wconf 88' lang='grc' dir='ltr'><em>βασανος)</em></span> <span class='ocrx_word' id='word_1_231' title='bbox 1339 2465 1421 2507; x_wconf 76' lang='lat' dir='ltr'><em>aut</em></span> <span class='ocrx_word' id='word_1_232' title='bbox 1442 2461 1559 2513; x_wconf 84' lang='grc' dir='ltr'><em>τίσις</em></span> <span class='ocrx_word' id='word_1_233' title='bbox 1580 2462 1848 2506; x_wconf 74' lang='lat' dir='ltr'>MSohmidt</span> 
     </span>
     <span class='ocr_line' id='line_1_28' title="bbox 171 2522 1847 2582; baseline 0.001 -18"><span class='ocrx_word' id='word_1_234' title='bbox 171 2522 262 2565; x_wconf 92' lang='grc'>1.1.</span> <span class='ocrx_word' id='word_1_235' title='bbox 386 2528 410 2565; x_wconf 99' lang='grc'>2</span> <span class='ocrx_word' id='word_1_236' title='bbox 444 2540 563 2580; x_wconf 83' lang='grc' dir='ltr'><em>ειχεν</em></span> <span class='ocrx_word' id='word_1_237' title='bbox 596 2524 676 2566; x_wconf 80' lang='lat' dir='ltr'><em>sed</em></span> <span class='ocrx_word' id='word_1_238' title='bbox 708 2541 735 2568; x_wconf 84' lang='grc' dir='ltr'><em>ν</em></span> <span class='ocrx_word' id='word_1_239' title='bbox 766 2537 867 2567; x_wconf 81' lang='lat' dir='ltr'>eras</span> <span class='ocrx_word' id='word_1_240' title='bbox 903 2524 941 2568; x_wconf 83' lang='grc' dir='ltr'><em>Ο</em></span> <span class='ocrx_word' id='word_1_241' title='bbox 1055 2529 1082 2567; x_wconf 84' lang='grc'>4</span> <span class='ocrx_word' id='word_1_242' title='bbox 1114 2524 1239 2582; x_wconf 80' lang='grc' dir='ltr'><em>αὐτῷ</em></span> <span class='ocrx_word' id='word_1_243' title='bbox 1261 2522 1371 2565; x_wconf 81' lang='lat' dir='ltr'><strong>libri</strong></span> <span class='ocrx_word' id='word_1_244' title='bbox 1402 2522 1492 2565; x_wconf 82' lang='lat' dir='ltr'><em>edd</em></span> <span class='ocrx_word' id='word_1_245' title='bbox 1519 2526 1524 2576; x_wconf 93' lang='grc' dir='ltr'>Ι</span> <span class='ocrx_word' id='word_1_246' title='bbox 1551 2522 1633 2565; x_wconf 85' lang='grc' dir='ltr'><em>τὸν</em></span> <span class='ocrx_word' id='word_1_247' title='bbox 1665 2536 1740 2565; x_wconf 91' lang='lat' dir='ltr'><em>om</em></span> <span class='ocrx_word' id='word_1_248' title='bbox 1766 2523 1847 2566; x_wconf 87' lang='lat' dir='ltr'><em>VL</em></span> 
     </span>
     <span class='ocr_line' id='line_1_29' title="bbox 172 2569 1844 2639; baseline 0 -16"><span class='ocrx_word' id='word_1_249' title='bbox 172 2583 220 2624; x_wconf 71' lang='lat' dir='ltr'><em>et</em></span> <span class='ocrx_word' id='word_1_250' title='bbox 250 2598 304 2638; x_wconf 79' lang='grc' dir='ltr'><em>γρ</em></span> <span class='ocrx_word' id='word_1_251' title='bbox 336 2582 437 2624; x_wconf 88' lang='lat' dir='ltr'><em>Mor</em></span> <span class='ocrx_word' id='word_1_252' title='bbox 467 2583 516 2624; x_wconf 87' lang='lat' dir='ltr'><em>in</em></span> <span class='ocrx_word' id='word_1_253' title='bbox 547 2595 680 2638; x_wconf 79' lang='lat' dir='ltr'>marg</span> <span class='ocrx_word' id='word_1_254' title='bbox 800 2587 824 2625; x_wconf 88' lang='lat'>5</span> <span class='ocrx_word' id='word_1_255' title='bbox 866 2579 964 2633; x_wconf 85' lang='grc' dir='ltr'><em>οἷος</em></span> <span class='ocrx_word' id='word_1_256' title='bbox 1003 2583 1050 2626; x_wconf 71' lang='lat' dir='ltr'><em>et</em></span> <span class='ocrx_word' id='word_1_257' title='bbox 1081 2569 1281 2637; x_wconf 80' lang='grc' dir='ltr'><em>ἐπῆλθεν</em></span> <span class='ocrx_word' id='word_1_258' title='bbox 1313 2582 1424 2623; x_wconf 65' lang='grc' dir='ltr'>ΕΘΛ-1·</span> <span class='ocrx_word' id='word_1_259' title='bbox 1461 2581 1511 2624; x_wconf 80' lang='lat' dir='ltr'><em>in</em></span> <span class='ocrx_word' id='word_1_260' title='bbox 1541 2594 1674 2637; x_wconf 83' lang='lat' dir='ltr'>marg</span> <span class='ocrx_word' id='word_1_261' title='bbox 1703 2581 1805 2624; x_wconf 89' lang='lat' dir='ltr'><em>Mor</em></span> <span class='ocrx_word' id='word_1_262' title='bbox 1839 2580 1844 2639; x_wconf 95' lang='grc' dir='ltr'>Ι</span> 
     </span>
     <span class='ocr_line' id='line_1_30' title="bbox 172 2633 1848 2695; baseline 0.001 -13"><span class='ocrx_word' id='word_1_263' title='bbox 172 2640 295 2683; x_wconf 75' lang='lat' dir='ltr'>inter</span> <span class='ocrx_word' id='word_1_264' title='bbox 326 2639 453 2683; x_wconf 78' lang='grc' dir='ltr'><em>ἄλλοι</em></span> <span class='ocrx_word' id='word_1_265' title='bbox 485 2642 532 2683; x_wconf 72' lang='lat' dir='ltr'><em>et</em></span> <span class='ocrx_word' id='word_1_266' title='bbox 560 2640 730 2690; x_wconf 81' lang='grc' dir='ltr'><em>πάντες</em></span> <span class='ocrx_word' id='word_1_267' title='bbox 759 2654 921 2683; x_wconf 83' lang='lat' dir='ltr'><strong>rasura</strong></span> <span class='ocrx_word' id='word_1_268' title='bbox 946 2646 970 2683; x_wconf 88' lang='grc'>2</span> <span class='ocrx_word' id='word_1_269' title='bbox 995 2640 1294 2684; x_wconf 72' lang='lat' dir='ltr'>litterarum</span> <span class='ocrx_word' id='word_1_270' title='bbox 1282 2655 1330 2683; x_wconf 86' lang='lat' dir='ltr'><strong>m</strong></span> <span class='ocrx_word' id='word_1_271' title='bbox 1354 2641 1399 2683; x_wconf 92' lang='lat' dir='ltr'><em>P</em></span> <span class='ocrx_word' id='word_1_272' title='bbox 1423 2643 1428 2694; x_wconf 87' lang='lat'>1</span> <span class='ocrx_word' id='word_1_273' title='bbox 1458 2633 1636 2695; x_wconf 60' lang='grc' dir='ltr'><em>ἐμὟ-</em></span> <span class='ocrx_word' id='word_1_274' title='bbox 1663 2644 1686 2682; x_wconf 84' lang='grc'>7</span> <span class='ocrx_word' id='word_1_275' title='bbox 1713 2637 1848 2695; x_wconf 79' lang='grc' dir='ltr'><em>ἐφαί-</em></span> 
     </span>
     <span class='ocr_line' id='line_1_31' title="bbox 174 2698 1849 2756; baseline 0 -14"><span class='ocrx_word' id='word_1_276' title='bbox 174 2714 277 2742; x_wconf 82' lang='grc' dir='ltr'><em>νετο</em></span> <span class='ocrx_word' id='word_1_277' title='bbox 310 2699 426 2741; x_wconf 72' lang='lat' dir='ltr'>citab</span> <span class='ocrx_word' id='word_1_278' title='bbox 455 2699 615 2742; x_wconf 89' lang='lat' dir='ltr'>Thom.</span> <span class='ocrx_word' id='word_1_279' title='bbox 649 2699 709 2742; x_wconf 93' lang='lat' dir='ltr'><em>M.</em></span> <span class='ocrx_word' id='word_1_280' title='bbox 743 2713 777 2742; x_wconf 79' lang='lat' dir='ltr'><em>S.</em></span> <span class='ocrx_word' id='word_1_281' title='bbox 806 2715 845 2742; x_wconf 87' lang='lat' dir='ltr'><em>v.</em></span> <span class='ocrx_word' id='word_1_282' title='bbox 880 2700 1005 2751; x_wconf 83' lang='grc' dir='ltr'><em>ἐλπὶς</em></span> <span class='ocrx_word' id='word_1_283' title='bbox 1034 2715 1078 2756; x_wconf 88' lang='lat' dir='ltr'><em>p.</em></span> <span class='ocrx_word' id='word_1_284' title='bbox 1108 2703 1204 2752; x_wconf 84' lang='lat'>160,</span> <span class='ocrx_word' id='word_1_285' title='bbox 1232 2703 1284 2741; x_wconf 83' lang='lat'><em>15</em></span> <span class='ocrx_word' id='word_1_286' title='bbox 1318 2698 1539 2756; x_wconf 79' lang='grc' dir='ltr'><em>Λιβάνιος</em></span> <span class='ocrx_word' id='word_1_287' title='bbox 1571 2698 1619 2742; x_wconf 80' lang='grc' dir='ltr'><em>ἐν</em></span> <span class='ocrx_word' id='word_1_288' title='bbox 1651 2702 1712 2756; x_wconf 80' lang='grc' dir='ltr'><em>τῷ</em></span> <span class='ocrx_word' id='word_1_289' title='bbox 1742 2699 1849 2754; x_wconf 85' lang='grc' dir='ltr'><em>περὶ</em></span> 
     </span>
     <span class='ocr_line' id='line_1_32' title="bbox 172 2756 1847 2832; baseline 0 -32"><span class='ocrx_word' id='word_1_290' title='bbox 172 2763 255 2812; x_wconf 86' lang='grc' dir='ltr'><em>τῆς</em></span> <span class='ocrx_word' id='word_1_291' title='bbox 285 2756 450 2801; x_wconf 81' lang='grc' dir='ltr'><em>ἑαυτοῦ</em></span> <span class='ocrx_word' id='word_1_292' title='bbox 478 2757 637 2832; x_wconf 86' lang='grc' dir='ltr'><em>τύχης·</em></span> <span class='ocrx_word' id='word_1_293' title='bbox 681 2758 779 2825; x_wconf 82' lang='grc' dir='ltr'><em>ἐμοὶ</em></span> <span class='ocrx_word' id='word_1_294' title='bbox 817 2761 906 2802; x_wconf 86' lang='grc' dir='ltr'><em>κτλ</em></span> <span class='ocrx_word' id='word_1_295' title='bbox 1053 2762 1105 2801; x_wconf 93' lang='grc'><em>11</em></span> <span class='ocrx_word' id='word_1_296' title='bbox 1147 2761 1254 2802; x_wconf 85' lang='grc' dir='ltr'><em>διεπ</em></span> <span class='ocrx_word' id='word_1_297' title='bbox 1285 2757 1333 2799; x_wconf 88' lang='lat' dir='ltr'><em>in</em></span> <span class='ocrx_word' id='word_1_298' title='bbox 1365 2757 1658 2813; x_wconf 83' lang='grc' dir='ltr'><em>διεπεφεύγει</em></span> <span class='ocrx_word' id='word_1_299' title='bbox 1692 2757 1742 2800; x_wconf 87' lang='lat' dir='ltr'><em>in</em></span> <span class='ocrx_word' id='word_1_300' title='bbox 1771 2771 1847 2800; x_wconf 82' lang='lat' dir='ltr'><em>ras</em></span> 
     </span>
     <span class='ocr_line' id='line_1_33' title="bbox 175 2813 1848 2872; baseline 0.001 -14"><span class='ocrx_word' id='word_1_301' title='bbox 175 2816 239 2859; x_wconf 74' lang='lat'><em>12²</em></span> <span class='ocrx_word' id='word_1_302' title='bbox 360 2821 414 2858; x_wconf 83' lang='lat'><em>14</em></span> <span class='ocrx_word' id='word_1_303' title='bbox 446 2813 521 2866; x_wconf 85' lang='grc' dir='ltr'><em>αἶς</em></span> <span class='ocrx_word' id='word_1_304' title='bbox 553 2817 717 2872; x_wconf 82' lang='lat' dir='ltr'>scripsi</span> <span class='ocrx_word' id='word_1_305' title='bbox 749 2830 773 2860; x_wconf 87' lang='lat' dir='ltr'>e</span> <span class='ocrx_word' id='word_1_306' title='bbox 792 2818 873 2860; x_wconf 86' lang='lat' dir='ltr'><em>VL</em></span> <span class='ocrx_word' id='word_1_307' title='bbox 939 2813 1009 2867; x_wconf 87' lang='grc' dir='ltr'><em>οἷς</em></span> <span class='ocrx_word' id='word_1_308' title='bbox 1038 2817 1210 2861; x_wconf 84' lang='lat' dir='ltr'><strong><em>AGPB</em></strong></span> <span class='ocrx_word' id='word_1_309' title='bbox 1242 2816 1333 2859; x_wconf 83' lang='lat' dir='ltr'><em>edd</em></span> <span class='ocrx_word' id='word_1_310' title='bbox 1454 2820 1507 2858; x_wconf 85' lang='grc'><em>18</em></span> <span class='ocrx_word' id='word_1_311' title='bbox 1538 2817 1644 2871; x_wconf 85' lang='grc' dir='ltr'><em>περὶ</em></span> <span class='ocrx_word' id='word_1_312' title='bbox 1674 2815 1848 2859; x_wconf 83' lang='lat' dir='ltr'>inserui</span> 
     </span>
     <span class='ocr_line' id='line_1_34' title="bbox 175 2872 1843 2932; baseline 0.002 -15"><span class='ocrx_word' id='word_1_313' title='bbox 175 2889 279 2917; x_wconf 79' lang='lat' dir='ltr'><em>cum</em></span> <span class='ocrx_word' id='word_1_314' title='bbox 310 2874 578 2918; x_wconf 76' lang='lat' dir='ltr'>MSchmid‘o</span> <span class='ocrx_word' id='word_1_315' title='bbox 602 2875 767 2918; x_wconf 86' lang='lat' dir='ltr'><strong>Philol.</strong></span> <span class='ocrx_word' id='word_1_316' title='bbox 792 2875 833 2917; x_wconf 89' lang='lat' dir='ltr'>X</span> <span class='ocrx_word' id='word_1_317' title='bbox 858 2881 939 2919; x_wconf 89' lang='lat'><em>611</em></span> <span class='ocrx_word' id='word_1_318' title='bbox 1041 2879 1096 2918; x_wconf 80' lang='lat'><em>20</em></span> <span class='ocrx_word' id='word_1_319' title='bbox 1129 2875 1204 2932; x_wconf 88' lang='grc' dir='ltr'><em>δὴ]</em></span> <span class='ocrx_word' id='word_1_320' title='bbox 1232 2875 1282 2918; x_wconf 83' lang='grc' dir='ltr'><em>δὲ</em></span> <span class='ocrx_word' id='word_1_321' title='bbox 1308 2876 1351 2918; x_wconf 90' lang='lat' dir='ltr'><strong><em>L</em></strong></span> <span class='ocrx_word' id='word_1_322' title='bbox 1379 2877 1383 2920; x_wconf 86' lang='grc' dir='ltr'>Ι</span> <span class='ocrx_word' id='word_1_323' title='bbox 1412 2874 1555 2919; x_wconf 79' lang='grc' dir='ltr'><em>αὐτὸν</em></span> <span class='ocrx_word' id='word_1_324' title='bbox 1580 2877 1622 2919; x_wconf 88' lang='lat' dir='ltr'><em>L</em></span> <span class='ocrx_word' id='word_1_325' title='bbox 1714 2879 1766 2918; x_wconf 82' lang='lat'><em>21</em></span> <span class='ocrx_word' id='word_1_326' title='bbox 1797 2872 1843 2920; x_wconf 83' lang='grc' dir='ltr'><em>δ’</em></span> 
     </span>
    </p>
   </div>
   <div class='ocr_carea' id='block_1_5' title="bbox 175 2931 1562 2991">
    <p class='ocr_par' dir='ltr' id='par_1_12' title="bbox 175 2931 1562 2991">
     <span class='ocr_line' id='line_1_35' title="bbox 175 2931 1562 2991; baseline 0.001 -14"><span class='ocrx_word' id='word_1_327' title='bbox 175 2935 219 2977; x_wconf 92' lang='lat' dir='ltr'><strong><em>L</em></strong></span> <span class='ocrx_word' id='word_1_328' title='bbox 256 2936 263 2990; x_wconf 92' lang='grc' dir='ltr'>Ι</span> <span class='ocrx_word' id='word_1_329' title='bbox 304 2931 411 2991; x_wconf 74' lang='lat' dir='ltr'><strong><em>now]</em></strong></span> <span class='ocrx_word' id='word_1_330' title='bbox 445 2935 530 2977; x_wconf 82' lang='grc' dir='ltr'><em>οὐκ</em></span> <span class='ocrx_word' id='word_1_331' title='bbox 562 2932 620 2977; x_wconf 76' lang='grc' dir='ltr'><em>ἂν</em></span> <span class='ocrx_word' id='word_1_332' title='bbox 648 2935 689 2978; x_wconf 91' lang='lat' dir='ltr'><strong><em>V</em></strong></span> <span class='ocrx_word' id='word_1_333' title='bbox 804 2938 857 2976; x_wconf 88' lang='grc'><em>22</em></span> <span class='ocrx_word' id='word_1_334' title='bbox 889 2934 994 2989; x_wconf 81' lang='grc' dir='ltr'><em>περὶ</em></span> <span class='ocrx_word' id='word_1_335' title='bbox 1023 2934 1199 2978; x_wconf 82' lang='grc' dir='ltr'><em>τούτων</em></span> <span class='ocrx_word' id='word_1_336' title='bbox 1230 2934 1403 2976; x_wconf 83' lang='lat' dir='ltr'>inserui</span> <span class='ocrx_word' id='word_1_337' title='bbox 1434 2947 1458 2976; x_wconf 83' lang='lat' dir='ltr'>e</span> <span class='ocrx_word' id='word_1_338' title='bbox 1481 2935 1562 2978; x_wconf 89' lang='lat' dir='ltr'><em>VL</em></span> 
     </span>
    </p>
   </div>
  </div>
 </body>
</html>
