2026 3168
625 139 852 185 LIBANH
884 139 1224 186 ORATIONES
1663 141 1768 194 173

90 279 331 331 δειπνῶν
377 275 684 346 ἀρχομένου
728 285 992 346 χειμῶνος
1029 274 1255 345 πληγεὶς
1300 273 1500 346 μεταξὺ
1540 277 1769 347 ῥεύματι

89 368 190 436 τὴν
226 368 487 435 κεφαλήν,
526 368 730 434 βοήσας
769 359 861 419 οἷα
899 367 1060 434 εἰκός,
1094 364 1284 436 χερσὶν
1317 366 1544 419 οἰκετῶν
1583 366 1770 434 ἄγεται

88 456 226 525 πρὸς
269 455 330 507 τὸ
379 453 679 523 δωμάτιον,
724 453 817 507 καὶ
863 454 972 523 ἅμα
1016 453 1191 523 ἡμέρᾳ
1233 450 1333 522 ἧκέ
1367 473 1450 516 τις
1489 452 1771 522 ἀγγέλλων

88 552 210 597 τοῖν
247 543 568 612 ὀφθαλμοῖν
607 543 760 615 αὐτῷ,
787 543 885 596 τὸν
915 542 1105 613 ἕτερον
1136 548 1390 612 οἴχεσθαι
1423 541 1651 613 ῥυέντος
1681 541 1765 595 ἐπ’
1815 564 1839 596 4

90 634 265 687 αὐτὸν
298 632 401 685 ἀπὸ
438 639 535 699 τῆς
572 635 814 700 κεφαλῆς
854 632 1073 699 ὕδατος,
1114 629 1275 684 ἔπειτ’
1309 631 1376 684 οὐ
1411 630 1418 703 Ι
1453 635 1681 694 πολλαῖς
1710 643 1753 686 R
1775 646 1860 687 127

90 719 314 791 ἡμέραις
336 721 574 791 ὕστερον
598 719 983 786 ἐπικλύζεσθαι
1014 719 1176 790 <καὶ>
1203 721 1303 774 τὸν
1335 718 1517 784 δεξιὸν
1547 722 1771 789 ἤκουον.

90 809 214 863 200.
260 808 351 863 καὶ
400 805 471 878 ἧν
516 810 695 862 πάντα
739 810 806 862 τὰ
850 811 958 879 πρὸ
1005 816 1106 862 τοῦ
1154 811 1428 862 δοκοῦντα
1473 808 1773 878 ὑπέρδεινα

90 898 258 968 μικροί
287 918 345 951 τε
382 896 474 951 καὶ
507 905 695 966 κοῦφα
717 898 862 968 πρὸς
891 906 1054 951 τοῦτο
1087 896 1451 967 ἐξεταζόμενα,
1481 896 1574 950 καὶ
1606 897 1774 951 οὐδὲν

90 983 169 1040 ὧν
216 989 508 1056 ἔπραττον,
558 987 691 1039 ἄνευ
739 987 997 1057 δακρύων
1034 983 1350 1056 ἐπράττετο,
1397 985 1515 1039 ἐπεὶ
1552 985 1643 1039 καὶ
1683 989 1773 1040 λό-

90 1096 205 1144 γων
242 1095 337 1145 μοι
377 1074 768 1143 δεικνυμένων,
800 1072 869 1144 ἦν
901 1077 1004 1144 γὰρ
1038 1075 1264 1144 ἀνάγκη,
1295 1076 1428 1144 μετὰ
1457 1082 1553 1144 τῆς
1585 1083 1774 1143 φωνῆς
1797 1096 1841 1129 10

90 1161 238 1235 ἔρρει
276 1165 342 1216 τὰ
382 1164 612 1232 δάκρυα,
652 1163 744 1216 καὶ
785 1162 1062 1232 ἐθαύμαζέ
1102 1184 1164 1232 γε
1204 1165 1404 1233 οὐδείς,
1445 1162 1630 1227 οὐδεὶς
1667 1166 1773 1235 γὰρ

90 1248 161 1321 ἦν
199 1253 259 1316 ὃς
297 1253 399 1322 οὐχ
437 1252 576 1305 ὅθεν
614 1259 786 1305 ταῦτα
823 1248 911 1321 ἦν,
949 1253 1229 1322 ἠπίστατο.
1295 1253 1509 1323 δάκρυα
1549 1251 1610 1305 ἐν
1649 1257 1775 1306 λου-

90 1347 219 1413 τρῷ,
266 1341 550 1410 συμβουλὴ
598 1341 703 1411 γὰρ
749 1336 821 1408 ἦν
870 1342 1112 1411 ἰατρικῆς
1158 1343 1417 1410 λουτρόν,
1464 1341 1677 1411 δάκρυα
1715 1341 1776 1395 ἐν

91 1430 318 1501 δείπνῳ·
355 1437 454 1483 τοῦ
495 1431 600 1499 γὰρ
634 1430 701 1497 δὴ
734 1430 868 1498 πρὶν
898 1431 1366 1492 συνδειπνοῦντος
1398 1429 1776 1501 ἀπεστερήμην

92 1519 360 1581 συνόντος
390 1517 477 1572 ἐπὶ
512 1526 606 1588 τῆς
643 1519 852 1587 κλίνης,
883 1519 1031 1589 παρὰ
1061 1525 1156 1587 τῆς
1187 1517 1248 1572 ἐν
1278 1527 1342 1589 τῇ
1373 1517 1548 1590 ἡμέρα
1577 1520 1776 1582 νυκτὸς
1800 1539 1842 1573 15

93 1615 159 1677 τῇ
197 1606 358 1660 νυκτὶ
397 1606 865 1677 παραδεδομένου.
941 1607 1064 1660 201.
1117 1608 1317 1660 πολλαὶ
1355 1607 1458 1676 μὲν
1496 1608 1564 1675 δὴ
1603 1614 1777 1677 χεῖρες

94 1696 315 1766 ἰατρῶν,
354 1697 523 1766 μυρία
563 1696 624 1749 δὲ
665 1695 944 1766 φάρμακα,
975 1697 1143 1749 πλείω
1177 1693 1238 1749 δὲ
1268 1698 1552 1766 περίαπτα.
1605 1694 1770 1749 ἔπειτ’

94 1783 247 1848 ἔδοξε
284 1786 350 1837 τὰ
388 1784 489 1851 μὲν
528 1785 667 1837 ἄλλα
704 1787 919 1854 χαίρειν
958 1784 1070 1853 ἐᾶν,
1109 1787 1478 1854 καταφεύγειν
1509 1782 1571 1838 δὲ
1601 1784 1692 1838 ἐπί
1719 1804 1778 1838 τε

91 1874 312 1941 βωμοὺς
356 1871 448 1926 καὶ
499 1874 725 1935 ἱκετείας
772 1872 863 1926 καὶ
902 1875 1002 1942 τὴν
1046 1883 1158 1926 τῶν
1196 1879 1349 1926 θεῶν
1388 1875 1571 1943 ἰσχύν·
1616 1867 1674 1927 οἶ
1709 1875 1777 1943 δὴ

44 2006 52 2014 ,
92 1961 181 2014 καὶ
230 1961 394 2023 αὐτὸς
441 1963 726 2029 οἰχόμενος
774 1964 1019 2030 ἔκλαιον,
1065 1961 1155 2015 καὶ
1194 1970 1358 2016 τοῦτο
1405 1963 1606 2032 ἡσυχῆ,
1647 1964 1775 2016 οὔτε
1800 1983 1845 2016 20

94 2050 197 2119 γὰρ
246 2042 358 2112 οἷός
404 2048 448 2101 τ’
495 2045 564 2117 ἦν
612 2051 752 2102 ἰδεῖν
803 2049 931 2103 οὔθ’
976 2051 1112 2113 ὅλως
1158 2057 1399 2120 χρῆσθαι
1446 2054 1592 2124 λόγῳ
1640 2053 1778 2122 πρὸς

214 2258 236 2297 1
271 2251 495 2311 ῥεύματος
526 2255 569 2298 L
705 2259 730 2296 2
772 2252 941 2313 ἐβόησα
971 2255 1082 2299 Fen·
1112 2256 1159 2299 ef.
1197 2273 1252 2313 γρ
1283 2251 1384 2299 Mor
1414 2256 1464 2300 in
1494 2269 1628 2314 marg
1655 2257 1661 2315 Ι
1700 2253 1778 2301 οἷα

94 2357 145 2401 in
175 2370 249 2401 ras
284 2356 342 2402 Cf
458 2361 484 2400 3
517 2315 722 2414 ἀγγάων
755 2358 799 2402 Α
871 2356 1072 2415 ἀγγέλων
1108 2359 1146 2403 C
1172 2358 1271 2416 (sed
1302 2375 1361 2402 m.
1394 2373 1482 2403 rec.
1517 2360 1571 2416 (s)
1604 2361 1628 2402 λ
1660 2359 1778 2403 alte-

94 2430 197 2459 rum
227 2415 351 2460 infra
381 2418 482 2473 pos)
515 2418 563 2460 et,
593 2418 638 2461 B
663 2417 774 2460 Fen·
878 2422 905 2460 4
937 2416 1152 2474 οἴχεσθαι
1184 2431 1284 2461 corr
1315 2432 1370 2462 ex
1402 2418 1616 2476 οἰχέσθαι
1647 2418 1720 2463 1³³
1846 2463 1852 2467 a

97 2474 311 2532 οἰχέσθαι
340 2476 387 2519 Α
414 2475 419 2533 Ι
448 2474 499 2520 δὲ
530 2477 639 2519 ante
672 2473 745 2519 ἐπ’
768 2477 811 2520 L
842 2475 955 2529 Mor,
987 2491 1035 2519 τε
1067 2477 1177 2520 Ferr
1206 2477 1255 2520 in
1286 2491 1420 2534 marg
1540 2482 1565 2520 6
1597 2478 1678 2521 καὶ
1708 2478 1779 2521 in-

97 2534 220 2577 serui
251 2536 440 2578 auctore
469 2534 538 2578 Re
660 2539 683 2577 7
715 2542 889 2589 προτοῦ
919 2536 1148 2580 ACPVL
1178 2536 1280 2579 Mor
1309 2537 1378 2580 Re
1501 2541 1554 2580 12
1596 2536 1780 2593 ὃᾴκρυα

96 2617 154 2626 —-
188 2597 241 2636 13
272 2591 464 2648 λουτρόν
496 2594 607 2637 Fen-
637 2593 686 2637 in
716 2607 850 2652 marg
943 2599 995 2637 13
1030 2593 1140 2649 τρόν
1170 2595 1220 2638 in
1250 2594 1444 2652 λουτρόν
1474 2595 1524 2639 in
1553 2609 1629 2639 ras
1664 2597 1720 2640 0⁸

100 2655 154 2695 15
191 2658 242 2695 τ’
284 2653 417 2696 νυκτὶ
454 2666 530 2696 om
556 2654 638 2697 VL
760 2657 813 2696 16
853 2652 1235 2709 παραδεδομένου
1268 2654 1434 2711 scripsi
1463 2653 1779 2712 παραδιδομέ-

97 2725 183 2753 νου
236 2709 323 2753 ‘bri
347 2711 439 2754 edd
531 2715 583 2754 17
627 2712 783 2756 ἔπειτα
807 2714 851 2756 L
944 2716 997 2755 18
1030 2713 1106 2757 ἐπὶ
1135 2714 1243 2763 τοὺς
1270 2714 1452 2772 βωμοὺς
1475 2715 1522 2758 Β
1614 2718 1669 2756 19
1701 2714 1781 2758 καὶ

99 2768 227 2824 prius
267 2783 343 2812 om
374 2771 417 2814 L
568 2775 623 2813 20
663 2771 743 2814 καὶ
774 2771 930 2828 αὐτὸς]
965 2771 1132 2823 καύτὸς
1166 2773 1243 2816 CL
1275 2773 1366 2816 edd
1408 2773 1414 2830 Ι
1455 2779 1590 2817 τοῦτο
1621 2772 1695 2817 P'
1731 2772 1781 2816 in

98 2840 232 2884 marg
258 2828 265 2885 Ι
307 2827 410 2872 οὔτε
440 2827 527 2886 γὰρ
563 2830 689 2874 CVL
721 2832 768 2874 eb
799 2830 869 2874 P²
899 2830 948 2873 in
979 2844 1112 2887 marg
1186 2829 1298 2875 οὔθ’
1319 2833 1456 2876 ΑΡΒ
1588 2835 1641 2874 21
1674 2832 1782 2887 post

100 2885 188 2943 γὰρ
218 2886 388 2930 lacuna
418 2892 445 2930 4
475 2888 738 2932 litterarum
768 2889 819 2932 in
850 2890 893 2933 L
964 2886 1006 2932 τ’
1026 2883 1103 2946 ἦν]
1136 2886 1178 2933 τ’
1199 2884 1258 2945 ἦν
1287 2890 1395 2935 τινὰ
1413 2891 1457 2934 V
1508 2906 1557 2934 τε
1587 2884 1646 2945 ἦν
1676 2889 1780 2933 τινὰ

99 2945 210 2988 Ferr
240 2945 289 2988 in
318 2958 453 3003 marg
482 2946 585 2990 Mor
650 2946 755 2991 τινὰ
786 2949 962 2993 AGPB
990 2948 1102 2992 Ferr
1144 2949 1269 3004 quod
1298 2949 1430 2993 uncis
1461 2949 1653 2993 inclusit
1682 2949 1751 2993 Re
