2026 3168
724 158 950 203 LIBANII
982 156 1323 202 ORATIONES
1758 157 1866 209 249

187 295 362 366 ἕτεροι
392 302 699 364 γεωργοῦσι
731 295 820 348 καὶ
850 302 944 363 τῆς
974 294 1254 363 προσόδου
1287 292 1500 359 μέτεστι
1524 301 1639 355 τοῖς
1662 295 1869 360 βωμοῖς

188 385 499 438 οὐδοτιοῦν.
561 383 645 436 32.
679 379 861 451 εἶπον,
893 382 978 435 ὅτι
1007 391 1123 444 τοῖς
1160 380 1286 451 περὶ
1317 383 1418 450 τὴν
1455 388 1560 449 γῆν
1596 388 1870 434 πονοῦσιν

187 469 257 541 ἦν
287 470 378 525 καὶ
417 472 643 539 κιβώτια
675 471 842 524 πάλαι
873 469 964 523 καὶ
996 468 1166 539 ἐσθὴς
1203 470 1293 524 καὶ
1326 478 1585 539 στατῆρες
1615 470 1705 522 καὶ
1735 470 1869 538 μετὰ

184 562 412 629 προικὸς
443 561 495 613 οἱ
526 560 704 629 γάμοι.
754 568 862 614 νῦν
886 559 948 613 δὲ
979 560 1071 612 διὰ
1101 561 1324 611 πολλῶν
1355 558 1456 627 μὲν
1479 557 1695 627 ἐρήμων
1725 556 1870 625 ἥξεις
1914 582 1937 612 4

187 648 391 719 ἀγρῶν,
431 648 530 711 οὓς
560 649 622 701 τὸ
655 648 937 713 πιέζεσθαι
971 647 978 718 Ι
1012 656 1130 710 ταῖς
1161 645 1511 716 εἰσπράξεσιν
1541 645 1772 700 ἐκένωσε
1810 659 1852 703 R
1874 665 1957 704 182

185 736 589 805 προστεθέντος
636 735 822 807 ἑτέρου
869 744 1042 790 κακοῦ
1092 738 1362 805 μείζονος,
1415 744 1527 788 τῶν
1580 736 1646 788 τὰ
1698 736 1870 806 ἄντρα

186 835 348 895 σφῶν
394 826 578 879 αὐτῶν
624 825 1061 894 ἑμπεπληκότων,
1114 835 1224 878 τῶν
1274 824 1431 894 μέχρι
1478 833 1592 878 τῶν
1641 825 1871 894 ἱματίων

187 917 510 985 σωφρόνων.
587 915 707 968 ὅσοι
753 915 815 968 δὲ
859 913 950 968 καὶ
1000 914 1267 983 μένουσιν
1321 913 1383 966 ἐν
1435 913 1651 983 ἀγροῖς,
1705 911 1871 967 οὐδὲν

186 1002 404 1056 δέονται
442 1005 646 1056 κλείειν
683 1004 883 1073 θύρας·
930 1003 1114 1066 οὐδεὶς
1152 1004 1257 1072 γὰρ
1298 1004 1470 1071 φόβος
1509 1002 1615 1056 ἀπὸ
1654 1006 1871 1072 λῃστῶν

184 1098 259 1164 τῷ
292 1111 354 1159 γε
395 1092 562 1145 οὐδὲν
601 1095 796 1161 ἔχοντι.
1894 1113 1938 1147 10

298 1181 382 1233 33.
416 1179 578 1234 Ἀλλὰ
609 1183 703 1244 τὰς
734 1182 939 1250 βουλὰς
975 1179 1128 1251 ε’ρεῖς.
1176 1179 1293 1234 ἀλλ’
1322 1182 1370 1233 εἰ
1405 1179 1495 1233 καὶ
1527 1176 1701 1250 μηδὲν
1736 1181 1869 1232 ἄλλο

185 1268 419 1322 διέκειτο
457 1279 651 1338 κακῶς,
693 1272 857 1323 τοῦτό
898 1268 948 1345 γ’
987 1269 1057 1323 ἂν
1096 1272 1284 1323 ἔπειθε
1323 1272 1497 1337 μόνον
1534 1268 1718 1337 λέγειν
1756 1262 1871 1322 0ἷά-

185 1377 286 1427 περ
334 1357 489 1425 λέγω.
567 1358 689 1413 ἀντὶ
735 1359 837 1427 μὲν
886 1357 1184 1422 ἑξακοσίων
1232 1369 1344 1412 τῶν
1392 1361 1516 1413 τότε
1571 1355 1702 1411 οὐδὲ
1757 1355 1872 1428 ἑξή-

184 1466 355 1499 κοντα
406 1454 528 1500 νῦν,
605 1445 864 1515 ἑξήκοντα
920 1443 1101 1512 εἷπον;
1155 1444 1287 1500 οὐδὲ
1335 1447 1437 1516 μὲν
1488 1442 1592 1500 οὗν
1636 1444 1691 1510 ἓξ
1737 1444 1862 1515 παρ’

186 1533 368 1598 ἐνίοις.
453 1535 540 1587 34.
593 1534 712 1589 ἀλλ’
759 1536 864 1590 εἰσὶ
918 1545 1030 1589 τῶν
1082 1538 1319 1604 πόλεων,
1370 1534 1432 1589 ἐν
1484 1529 1571 1598 αἷς
1625 1535 1654 1589 ὁ
1710 1535 1872 1598 αὐτὸς
1895 1556 1939 1590 15

186 1624 518 1693 εἰσπράττει,
565 1625 718 1678 λούει
763 1625 854 1677 καὶ
899 1625 1067 1678 πάλιν
1114 1626 1278 1678 λούει.
1355 1627 1411 1677 τί
1453 1626 1616 1678 τοῦτό
1655 1623 1770 1677 ε’στι
1808 1625 1870 1677 τὸ

186 1717 437 1781 αἴνιγμα;
476 1712 630 1766 λούει
667 1732 726 1765 τε
763 1721 828 1783 τῇ
868 1715 1101 1783 χορηγίᾳ
1138 1722 1252 1766 τῶν
1290 1713 1471 1778 ξύλων
1507 1713 1597 1765 καὶ
1636 1713 1734 1766 τὸν
1773 1711 1872 1781 ἀμ-

187 1803 460 1870 φορίσκον
492 1802 678 1869 λαβὼν
710 1804 981 1869 βαλανεὺς
1012 1802 1041 1856 ὁ
1075 1807 1412 1871 λειτουργῶν
1444 1803 1704 1870 γίγνεται.
1755 1797 1863 1854 εἶθ’

186 1888 215 1942 ὁ
254 1889 356 1956 μὲν
393 1891 627 1958 θερμόν,
666 1889 695 1943 ὁ
736 1891 798 1944 δὲ
835 1892 1053 1960 ψυχρὸν
1082 1891 1236 1960 ὕδωρ
1268 1890 1505 1960 ἐζήτησε,
1543 1896 1618 1961 τῷ
1652 1889 1731 1956 δέ,
1770 1889 1872 1942 οὐκ

187 1979 271 2030 ἔνι
304 1978 408 2046 γὰρ
440 1984 791 2048 μερισθῆναι,
822 1981 923 2048 τὴν
953 1978 1197 2048 θατέρου
1230 1978 1424 2048 φέρειν
1448 1979 1622 2047 ὀργὴν
1645 1977 1870 2046 ἀνάγκη.
1895 2000 1939 2033 20

309 2127 363 2166 16
396 2122 452 2166 of.
488 2137 549 2166 or.
584 2123 618 2165 L
651 2125 683 2167 13.
709 2123 751 2166 H
783 2127 882 2177 586,
911 2129 964 2167 12
983 2138 1048 2179 sq.

307 2292 332 2330 6
353 2259 411 2342 σῆ
434 2287 526 2342 (om
545 2286 605 2342 V)
629 2286 736 2341 περὶ
774 2293 991 2343 μοναχῶν
1018 2293 1152 2330 τοῦτο
1177 2284 1294 2343 λέγει
1319 2287 1413 2342 (om
1428 2287 1491 2342 A)
1506 2286 1616 2330 AM
1624 2285 1666 2328 V
1679 2286 1764 2329 Mo
1789 2285 1871 2341 qui

188 2346 342 2389 addit:
375 2345 537 2395 καθὼς
559 2345 640 2388 καὶ
664 2344 693 2401 ἡ
717 2344 784 2401 (ἐν
801 2345 885 2402 Re)
909 2348 972 2405 τῷ
996 2345 1112 2400 ὑπὲρ
1138 2344 1274 2400 ἱερῶν
1299 2343 1610 2401 καταφέρεται
1641 2351 1869 2402 μοναχῶν.

308 2498 333 2536 2
367 2490 467 2538 οὐδ’
506 2492 663 2537 ὁτιοῦν
699 2493 1015 2537 CAPBMUI
1150 2497 1175 2534 3
1216 2494 1294 2536 καὶ
1327 2506 1401 2535 om
1431 2493 1467 2536 I
1492 2493 1590 2549 (sed
1630 2492 1679 2535 in
1708 2505 1872 2535 rasura.

190 2557 216 2595 2
246 2552 526 2608 litterarum)
552 2554 600 2595 et
621 2552 745 2595 Fabr
804 2551 928 2595 inser
958 2551 1024 2596 1³⁸
1059 2551 1065 2609 Ι
1102 2551 1215 2607 μετὰ
1246 2557 1328 2607 τῆς
1358 2552 1552 2607 προικὸς
1582 2553 1627 2596 Β
1729 2557 1756 2595 4
1788 2550 1871 2608 μὲν

190 2625 265 2655 om
292 2612 359 2655 Re
495 2616 521 2654 5
551 2618 655 2662 ταῖς
684 2610 807 2654 Fabr
865 2626 913 2654 τε
944 2609 1076 2664 libri,
1109 2611 1190 2654 sed
1230 2611 1279 2654 in
1310 2626 1360 2667 γε
1391 2622 1493 2655 corr
1523 2610 1580 2654 Ι2
1700 2615 1726 2654 6
1757 2626 1872 2664 προ-

188 2669 408 2722 τεθέντος
437 2670 524 2714 Μο
645 2674 669 2713 7
701 2685 790 2726 μπε
821 2669 871 2712 in
910 2667 1263 2725 ἐμπεπληκότων
1298 2671 1362 2715 Cv
1398 2670 1451 2713 in
1487 2683 1563 2713 ras
1676 2675 1702 2713 9
1735 2686 1789 2725 γρ
1822 2669 1872 2713 ἐν

190 2728 329 2772 ἄλλως
361 2729 504 2773 κλεισὶ
524 2730 570 2773 Α
599 2728 650 2771 in
679 2742 814 2786 marg
906 2733 957 2771 11
992 2728 1188 2782 ἐξαιρεῖς
1211 2728 1368 2772 Gasda
1460 2733 1514 2772 12
1546 2726 1770 2772 διέκειντο
1795 2726 1867 2786 ΒΙ

190 2785 251 2831 ἂν
282 2800 358 2831 om
387 2788 456 2831 Re
483 2789 489 2846 Ι
517 2786 661 2844 μόνον
693 2787 854 2832 ἔπειθε
885 2787 996 2832 ΒΜ
1084 2792 1140 2831 14
1171 2794 1257 2831 νῦν
1289 2814 1344 2820 -
1380 2792 1433 2831 15
1464 2795 1556 2832 τῶν
1585 2788 1622 2831 Ι
1645 2788 1695 2830 in
1724 2799 1869 2843 marg,

189 2849 355 2902 postea
392 2846 517 2890 inser
557 2847 602 2892 U
714 2851 767 2890 17
801 2845 955 2890 λούειν
986 2847 1031 2890 Β
1154 2851 1208 2890 18
1255 2845 1280 2891 ὁ
1327 2847 1554 2905 βαλανεὺς
1597 2848 1871 2902 λειτουργῶν

190 2905 351 3007 {pbr‘yl
386 2902 563 3007 ἔνεται
587 2905 697 2949 ΒΜ
705 2906 748 2948 V
864 2909 917 2947 19
942 2903 1067 2959 ὕδωρ
1101 2918 1174 2948 om
1208 2906 1317 2950 ΒΜ
1341 2906 1347 2964 Ι
1376 2904 1560 2964 ἐξῄτησε
1591 2903 1726 2948 Fabr.
1756 2906 1762 2961 Ι
1789 2903 1871 2948 τὸν

264 2966 270 3019 Ι
431 2977 456 3006 e
