2026 3168
115 127 222 180 236
655 125 882 170 LIBANII
914 124 1255 170 ORATIONES

114 284 228 316 nem
266 265 388 333 πρὸς
427 265 542 325 τοὺς
588 265 748 333 βαρὺν
795 264 898 315 αὐτ.
945 268 1048 314 καλ.
1096 265 1148 313 in
1189 266 1412 330 margine
1460 266 1641 315 codicis
1679 267 1800 315 Bar-

117 341 278 389 berini
325 334 391 408 (v.
433 356 581 403 supra
627 358 674 403 p.
710 334 803 406 33)
852 340 1132 400 adnotavit,
1189 355 1315 401 quae
1354 356 1453 388 non
1492 341 1650 389 solum
1689 357 1800 389 eum

117 431 226 463 cum
275 415 447 463 multis
498 414 610 462 aliis
650 414 712 462 ad
764 414 1014 476 exemplar
1059 413 1369 475 deperditum
1421 430 1457 462 n
1509 415 1669 462 redire
1718 416 1803 463 sed

117 489 268 538 etiam
307 488 639 552 singularibus
676 488 813 536 vitiis
851 488 1167 549 inquinatum
1207 490 1257 535 et
1293 488 1649 550 interpolatum
1699 504 1802 537 esse

118 563 363 611 evincunt.
440 563 547 626 Ego
588 578 717 611 anno
760 563 899 611 1895
942 577 1055 609 eum
1092 563 1321 610 tractavi.

228 754 336 801 Iam
386 754 427 802 si
479 753 760 815 quaerimus
814 770 909 815 quo
959 752 1332 801 necessitudinis
1382 754 1579 802 vinculo
1628 754 1681 801 hi
1734 757 1801 804 29

118 828 307 877 codices
349 827 434 889 qui
473 828 747 875 orationem
785 826 907 892 πρὸς
949 826 1063 886 τοὺς
1109 825 1269 893 βαρὺν
1316 825 1466 875 αὐτὸν
1511 825 1805 887 καλέσαντας

120 902 387 963 continent,
427 902 741 962 cohaereant,
788 901 944 948 lineas
984 901 1257 949 cardinales
1297 901 1570 949 stemmatis
1611 902 1806 950 easdem

119 991 242 1038 quas
279 975 332 1022 in
371 975 472 1044 Βίῳ
513 969 597 1042 (cf.
636 993 683 1037 p.
721 968 812 1041 70)
854 990 956 1023 esse
1003 975 1148 1022 facile
1197 977 1418 1037 apparet.
1494 975 1672 1038 Itaque
1717 991 1803 1038 po-

117 1051 364 1097 tissimum
404 1049 488 1111 qui
526 1050 662 1097 locus
700 1049 761 1097 iis
809 1049 1054 1097 codicibus
1102 1049 1187 1111 qui
1227 1049 1347 1097 Βίον
1393 1065 1492 1097 non
1538 1051 1808 1111 continent,

120 1123 310 1172 dandus
351 1123 416 1171 sit
454 1138 682 1171 eruamus
722 1138 915 1171 necesse
956 1125 1042 1170 est.

231 1195 410 1245 Omnes
457 1197 612 1260 igitur
658 1198 847 1245 codices
887 1197 949 1244 ad
988 1196 1084 1244 duo
1125 1197 1411 1260 apographa
1455 1192 1506 1263 (b
1546 1199 1596 1245 et
1634 1193 1680 1263 c)
1729 1212 1804 1244 ar-

121 1271 322 1334 chetypi
361 1264 440 1338 (a)
479 1270 699 1319 redeunt.
775 1270 1054 1332 Utrumque
1095 1271 1438 1333 apographum
1475 1271 1645 1332 periit,
1683 1271 1804 1319 item

121 1345 409 1409 apographa
449 1344 546 1393 duo
587 1361 612 1393 e
651 1346 678 1393 b
717 1346 853 1393 facta
900 1338 956 1411 (d
995 1347 1044 1392 et
1082 1338 1152 1411 e);
1201 1345 1323 1392 item
1370 1345 1659 1408 apographa
1707 1345 1805 1393 duo

124 1436 149 1466 e
181 1420 213 1466 d
250 1419 385 1467 facta
426 1412 480 1485 (f
504 1421 553 1466 et
580 1412 650 1485 y).
722 1418 916 1467 Servati
956 1422 1123 1466 autem
1163 1421 1279 1466 sunt
1317 1418 1506 1467 codices
1548 1417 1807 1467 Ghisianus

120 1498 170 1540 et
207 1493 353 1540 Laur.
392 1492 533 1539 LVII
574 1494 639 1540 27
683 1493 880 1540 deducti
927 1509 952 1540 e
997 1495 1033 1553 f,
1087 1492 1312 1540 Patmius
1352 1495 1401 1541 et
1437 1493 1551 1539 Vat.
1593 1509 1663 1556 gr.
1700 1494 1803 1540 939

121 1566 318 1614 deducti
357 1582 382 1613 e
416 1582 462 1627 9.
533 1566 608 1613 Ex
643 1581 666 1614 e
697 1566 985 1630 apographa
1016 1567 1150 1614 facta
1183 1568 1297 1613 sunt
1328 1567 1445 1614 duo:
1484 1566 1805 1630 Augustanus

121 1644 171 1688 et
209 1641 357 1688 codex
404 1640 687 1702 deperditus
731 1642 784 1701 h,
834 1641 943 1688 fons
993 1641 1144 1688 trium
1196 1640 1437 1688 codicum:
1489 1639 1707 1687 Palatini
1757 1643 1808 1688 et

123 1714 334 1762 duorum
372 1714 751 1775 deperditorum,
791 1730 815 1761 e
856 1730 1063 1776 quorum
1101 1730 1201 1761 uno
1242 1707 1317 1780 (k)
1350 1713 1621 1761 Vaticanus
1652 1715 1799 1778 g1·.81

125 1791 175 1835 et
211 1788 573 1850 Neapolitanus
611 1788 663 1835 Π
701 1788 740 1835 Ε
779 1790 861 1850 17,
908 1804 965 1835 ex
1009 1788 1165 1835 altero
1206 1781 1269 1854 (l)
1309 1787 1630 1848 Barberinus,
1675 1788 1805 1835 Mar—

121 1862 290 1910 cianus
330 1879 400 1925 gr.
436 1863 557 1923 437,
610 1861 822 1909 Urbinas
866 1863 968 1909 125
1019 1861 1277 1909 fluxerunt.
1355 1862 1523 1909 Etiam
1569 1861 1664 1909 duo
1712 1878 1736 1908 e
1784 1878 1811 1910 c

121 1936 257 1983 facta
295 1937 581 1998 apographa
619 1936 893 1996 perierunt,
944 1951 1153 1997 quorum
1193 1952 1250 1983 ex
1288 1927 1387 1984 uno
1429 1929 1523 2002 (m)
1562 1935 1808 1983 fluxerunt

122 2009 516 2057 Vindobonensis
549 2011 598 2056 et
628 2009 881 2057 Parisinus
912 2009 1081 2071 Suppl.
1109 2026 1178 2073 gr.
1207 2010 1328 2069 656,
1361 2026 1419 2056 ex
1451 2011 1605 2057 altero
1639 2012 1806 2057 autem

121 2099 157 2130 n
188 2083 391 2146 plurimi
422 2083 623 2131 codices.
684 2082 903 2139 Quorum
932 2099 1059 2131 unus
1093 2077 1165 2149 (ο)
1198 2084 1363 2145 periit,
1394 2084 1504 2131 fons
1537 2084 1806 2131 communis

124 2157 304 2205 codicis
344 2157 586 2218 deperditi
626 2150 726 2223 (p),
767 2174 791 2204 e
831 2173 928 2218 quo
967 2157 1215 2204 fluxerunt
1253 2157 1465 2205 Urbinas
1505 2174 1575 2220 gr.
1613 2158 1714 2204 126
1758 2159 1808 2204 et

123 2231 403 2279 Marcianus
435 2230 546 2278 XCI
580 2233 626 2290 2,
666 2233 715 2277 et
737 2230 970 2278 Vaticani
1003 2248 1072 2294 gr.
1100 2231 1190 2290 823
1230 2231 1379 2292 periit
1411 2232 1536 2278 alter
1568 2224 1658 2297 (q),
1697 2231 1807 2278 fons

124 2304 303 2352 codicis
334 2305 640 2352 Monacensis
684 2306 803 2366 101,
844 2302 1167 2352 Ottoboniani
1207 2306 1273 2352 69
1315 2304 1636 2352 Laurentiani
1667 2304 1807 2351 LVII

125 2379 208 2426 20.
263 2378 462 2439 Reliqui
494 2377 680 2426 codices
711 2378 856 2425 Laur.
890 2377 1029 2424 LVII
1061 2380 1154 2438 443
1194 2378 1381 2424 XXXII
1424 2380 1512 2438 133
1551 2378 1806 2425 Parisinus

126 2452 284 2511 3016,
329 2451 562 2499 Vaticani
603 2453 704 2499 941
756 2454 807 2499 et
857 2453 1019 2512 1835,
1071 2452 1279 2513 denique
1331 2451 1658 2499 Baroccianus
1701 2453 1803 2498 219

123 2526 205 2572 via
245 2525 430 2572 directa
469 2541 493 2571 e
533 2541 567 2572 n
604 2540 828 2573 manasse
868 2525 1111 2573 videntur.
1175 2526 1214 2571 Ε
1248 2525 1551 2573 Barocciano
1591 2524 1805 2586 excerpti

125 2600 240 2646 sunt
271 2598 457 2646 codices
483 2597 901 2662 Cantabrigiensis
934 2593 1087 2665 (anno
1116 2592 1280 2664 1629)
1315 2601 1364 2646 et
1386 2598 1806 2661 Langbainianus,

126 2688 151 2719 e
183 2687 279 2733 quo
313 2671 408 2719 duo
441 2672 727 2734 apographa
758 2673 892 2719 facta
924 2675 1051 2733 sunt,
1091 2689 1242 2718 unum
1267 2672 1326 2719 ab
1353 2670 1563 2732 Oleario,
1597 2672 1807 2718 alterum

127 2761 156 2792 a
178 2744 372 2793 Wolfio.
434 2744 594 2792 Huius
629 2745 1003 2793 necessitudinis
1042 2746 1307 2808 imaginem
1346 2746 1437 2792 hoc
1467 2745 1561 2793 tibi
1600 2747 1805 2793 stemma

125 2820 240 2866 ante
280 2819 444 2866 oculos
483 2820 737 2879 proponet.
