2026 3168
691 117 920 162 LIBANH
951 117 1294 163 ORATIONES
1727 122 1831 174 291

151 253 244 307 καὶ
289 261 406 317 τοῖς
450 251 758 324 εἰρημένοις
804 255 1085 323 νενίκηκα;
1131 253 1271 307 ἀλλὰ
1315 257 1571 326 περιττὸν
1608 255 1726 326 μέν,
1772 259 1833 311 τὸ

153 340 202 394 δ’
265 339 370 396 οὖν
421 342 557 411 ὑμῖν
610 341 848 412 ἀρέσκον
902 343 970 395 οὐ
1023 342 1312 412 φεύξομαι·
1372 345 1598 414 οὐκοῦν,
1652 346 1833 415 ὥσπερ

150 432 309 501 ὑμῶν
347 429 596 499 ἕκαστος,
652 426 778 484 οἶδα
825 431 928 501 μὲν
965 433 1026 485 τὸ
1073 434 1451 502 πρεσβύτερον
1487 442 1583 503 τῆς
1627 437 1836 498 πόλεως

150 521 329 591 μέρος,
369 515 497 573 οἶδα
534 520 597 573 δὲ
626 521 688 573 τὸ
722 522 994 591 νεώτερον
1027 520 1119 575 καὶ
1156 521 1434 593 ποτέρωθι
1473 524 1575 592 μὲν
1604 524 1664 576 τὸ
1704 522 1833 576 θέα-

147 630 301 681 τρον,
355 609 415 663 ἐν
461 609 673 681 ποτέρῳ
728 606 789 662 δὲ
843 609 872 663 ὁ
922 611 1285 680 ἱππόδρομος,
1339 612 1428 664 καὶ
1482 621 1594 665 τῶν
1642 616 1835 666 πυλῶν
1879 634 1900 668 5

150 698 346 767 ἑκάστη
378 706 475 751 ποῖ
507 697 681 769 φέρει,
712 698 803 752 καὶ
836 700 908 762 ὡς
941 699 969 752 ὁ
1001 701 1262 767 βασιλεὺς
1301 701 1434 753 ἄνευ
1466 704 1835 770 ταλαιπωρίας

150 791 376 840 καθεῖλε
407 789 506 841 τὸν
536 789 833 858 τύραννον,
864 787 956 841 καὶ
987 789 1060 852 ὡς
1092 789 1121 843 ὁ
1152 798 1282 852 παῖς
1314 790 1460 862 αὐτῷ
1485 790 1654 859 μέγας
1684 789 1834 845 ἐστὶν

148 875 210 929 ἐν
248 877 420 930 παιδί.
483 876 770 946 ἐπίσταμαι
807 876 884 945 δέ,
923 880 1086 931 πόσοι
1124 879 1226 947 μὲν
1258 880 1520 948 ἄρχοντες
1550 879 1698 948 ἡμῖν,
1736 882 1833 933 πό-

147 981 250 1019 σον
295 965 357 1018 δὲ
403 964 608 1037 ἑκάστῳ
655 966 716 1018 τὸ
767 965 987 1036 μέτρον,
1041 967 1131 1020 καὶ
1177 969 1233 1020 τί
1276 968 1338 1020 τὸ
1386 966 1470 1020 ἀεὶ
1515 969 1694 1038 παρὸν
1738 977 1833 1038 τῆς

145 1053 349 1123 ἡμέρας
393 1054 582 1124 μέρος,
626 1053 717 1108 καὶ
757 1056 813 1107 τί
861 1052 965 1124 μὲν
1011 1054 1162 1125 ε’μόν,
1207 1059 1266 1108 τί
1300 1055 1350 1108 δ’
1396 1056 1499 1109 οὐκ
1545 1055 1696 1125 ἐμόν,
1742 1056 1831 1110 καὶ
1856 1080 1899 1113 ιο

144 1149 220 1215 τῷ
260 1143 363 1210 μὲν
411 1153 647 1213 χρῶμαι,
701 1152 801 1197 τοῦ
843 1142 891 1196 δ’
939 1143 1219 1214 άπέχομαι.
1299 1145 1381 1197 14.
1435 1149 1493 1198 τί
1536 1146 1650 1211 δαί;
1703 1149 1833 1208 τοὺς

148 1241 457 1301 φοιτῶντας
497 1233 570 1295 ὡς
618 1234 756 1302 ἡμᾶς
796 1233 898 1286 οὐκ
938 1229 1088 1303 οἶδα,
1138 1235 1228 1286 καὶ
1278 1237 1431 1297 τίνος
1480 1234 1704 1298 ἕκαστος
1741 1234 1832 1288 καὶ

143 1322 342 1389 πόθεν,
399 1321 642 1390 ὀνόματά
690 1341 749 1374 τε
799 1322 982 1376 αὐτῶν
1034 1321 1126 1375 καὶ
1183 1324 1372 1392 τύχας,
1430 1323 1521 1376 καὶ
1571 1325 1681 1377 τίνι
1730 1321 1832 1392 μὲν

144 1409 328 1463 αὐτῶν
367 1411 450 1463 ἔνι
489 1413 752 1481 χρήματα,
791 1414 903 1464 τίνι
943 1412 1005 1464 δὲ
1045 1412 1135 1477 οὕ;
1191 1410 1309 1464 ἀλλ’
1356 1410 1445 1465 ἐπὶ
1483 1413 1544 1465 τὸ
1586 1413 1832 1466 δειπνεῖν

144 1495 442 1568 ἐρχόμενος
481 1498 768 1568 ἐμνήσθην
806 1508 907 1552 τοῦ
948 1501 1128 1553 σιτίου
1166 1498 1270 1569 μὲν
1307 1494 1381 1564 ὡς
1419 1508 1619 1570 ποτοῦ,
1657 1509 1830 1555 ποτοῦ
1855 1523 1898 1556 15

143 1583 205 1639 δὲ
256 1587 329 1649 ὡς
379 1588 559 1652 σίτου;
613 1586 704 1641 καὶ
744 1591 801 1640 τί
847 1590 932 1641 δεῖ
976 1589 1102 1660 περὶ
1139 1590 1206 1642 τὰ
1242 1597 1471 1643 τοιαῦτα
1509 1590 1831 1659 διατρίβειν,

144 1674 262 1728 ἀλλ’
317 1675 418 1728 οὐκ
473 1674 526 1739 ἐξ
583 1672 663 1730 ὧν
714 1678 898 1730 αὐτῶν
948 1678 1057 1746 δεῖ,
1111 1681 1289 1741 καλῶς
1341 1679 1444 1747 τὴν
1496 1680 1831 1749 κατηγορίαν

143 1762 407 1832 ἐλέγχειν;
454 1763 551 1818 ἐὰν
589 1766 693 1834 γάρ
733 1785 799 1834 με
839 1767 1009 1836 λάβῃς
1047 1766 1384 1836 ἀγνοοῦντα,
1423 1769 1506 1830 τίς
1544 1763 1595 1820 εἴ
1631 1769 1702 1820 σὺ
1739 1767 1830 1820 καὶ

140 1854 312 1905 τίνων
361 1851 616 1921 γέγονας,
667 1856 970 1923 μαίνεσθαί
1011 1875 1077 1924 με
1123 1860 1334 1924 μᾶλλον
1371 1855 1404 1924 ἢ
1445 1856 1543 1909 τὸν
1573 1853 1831 1926 Ὀρέστην

140 1939 337 2008 λέγειν.
1847 1967 1892 1999 20

260 2084 283 2122 7
316 2079 537 2137 Μάξιμον
570 2080 626 2125 cf.
662 2081 826 2125 Zosim.
855 2081 919 2124 IV
942 2086 1013 2125 47.
1071 2080 1197 2125 Oros.
1223 2080 1309 2125 VH
1340 2085 1410 2126 35
1463 2082 1622 2126 Pacat.
1654 2082 1826 2141 Paneg.

141 2138 314 2183 Theod.
356 2153 392 2183 c.
426 2144 483 2184 40
501 2155 555 2197 sq
578 2145 615 2195 1
655 2138 896 2196 Ἀρκάδιος
943 2140 1000 2184 ef.
1039 2140 1212 2196 Hydai).
1261 2140 1416 2184 chron.
1459 2142 1530 2185 ed.
1570 2141 1828 2186 Mommsen

142 2197 306 2242 Chron.
339 2198 451 2243 Min
486 2214 604 2244 saec.
638 2200 845 2244 IV—VII
875 2202 909 2244 t
944 2205 969 2244 2
1000 2215 1045 2256 p
1073 2204 1224 2255 15,14

259 2329 315 2368 20
347 2324 493 2383 λέγειν
524 2325 627 2381 ἤτοι
658 2325 777 2383 λέγε’
819 2331 898 2382 τῆς
936 2326 1122 2382 ἀττικῆς
1157 2326 1237 2369 καὶ
1266 2332 1402 2370 τοῦτο
1432 2323 1712 2399 συνηθείας·
1747 2327 1827 2370 καὶ

140 2385 330 2442 ποιηταὶ
360 2384 506 2444 τούτῳ
543 2392 764 2443 χρῶνται
806 2387 1073 2441 Σοφοκλῆς
1114 2382 1209 2429 τότ’
1246 2384 1337 2442 ἤδη
1375 2383 1572 2441 φάσκειν
1604 2385 1679 2441 ἐμὲ
1712 2402 1826 2441 μαν-

139 2450 243 2502 τικῇ
276 2444 435 2517 μηδὲν
445 2451 638 2500 φρονεῖν
664 2444 792 2500 (Oed.
818 2444 871 2487 R.
899 2449 997 2488 462.
1048 2443 1113 2488 Of.
1139 2443 1312 2498 Bruhn,
1338 2443 1610 2500 SophokleS,
1626 2444 1851 2501 Anhang

142 2507 167 2557 ξ
187 2505 305 2560 123),
329 2499 691 2560 καὶᾌριστείδης
714 2506 943 2560 πολλαχοῦ
968 2511 1059 2547 τῶν
1085 2502 1252 2547 ἑαυτοῦ
1276 2502 1424 2561 λόγων
1443 2503 1591 2563 τούτῳ
1614 2504 1834 2561 χρῆταιῘῙ

261 2641 283 2679 1
325 2653 375 2681 το
409 2655 432 2688 ς
471 2651 575 2680 cum
605 2649 768 2680 rasura
805 2635 942 2679 unius
981 2635 1168 2680 litterae
1208 2636 1253 2680 U
1399 2640 1424 2679 2
1461 2633 1544 2680 οὖν
1586 2649 1660 2679 om
1693 2638 1778 2680 Mo
1813 2636 1818 2695 Ι

138 2693 248 2750 ἡμῖν
287 2697 322 2739 Ι
435 2700 462 2738 4
507 2694 776 2750 ποτέρωθεν
818 2697 901 2739 Mo
1022 2699 1047 2737 6
1094 2701 1159 2751 πῆ
1199 2698 1235 2740 I
1349 2701 1372 2739 7
1421 2695 1483 2747 ὡς
1528 2708 1602 2739 om
1633 2695 1767 2750 Bong

142 2757 197 2797 10
236 2753 287 2797 δὲ
327 2756 373 2798 Β
510 2759 561 2798 11
604 2754 654 2799 δὲ
705 2756 876 2798 VBMo
916 2753 1118 2798 Sintenis
1257 2759 1312 2799 14
1352 2751 1396 2798 δ’
1432 2755 1501 2798 Re
1543 2757 1550 2811 Ι
1591 2753 1706 2798 ἀλλὰ
1738 2755 1774 2797 Ι

143 2816 197 2856 15
229 2812 312 2868 μὲν
334 2820 417 2857 τοῦ
449 2811 597 2857 σιτίου
621 2814 689 2857 Re
717 2815 722 2869 1
750 2820 832 2857 τοῦ
858 2827 932 2856 om
957 2815 1042 2858 Mo
1172 2819 1225 2857 16
1251 2811 1398 2858 σιτίου
1425 2815 1469 2858 V
1583 2817 1635 2856 17
1670 2813 1825 2858 αὐτῶν

137 2871 207 2914 Re
239 2885 264 2915 e
297 2874 382 2917 Mo
464 2872 607 2917 αὐτὸν
646 2871 815 2927 rehqui
860 2871 971 2915 libri
1000 2872 1135 2930 Bong
1284 2877 1340 2917 20
1380 2889 1448 2917 ειν
1494 2872 1543 2915 in
1581 2870 1729 2930 λέγειν
1774 2872 1823 2915 in

139 2943 214 2973 ras
245 2929 311 2975 Ρ8
382 2928 530 2988 λέγειν
554 2931 598 2974 A
631 2932 712 2974 sed
746 2947 820 2988 Ηγε
855 2944 996 2988 supra
1026 2948 1124 2990 γειν
1155 2931 1225 2975 m'
1299 2930 1398 2990 λέγε
1433 2933 1478 2978 U

1469 3005 1557 3048 19*
