2026 3168
85 141 89 144 ’
156 129 230 182 44
696 129 923 174 LIBANII
954 129 1293 175 ORATIONES

269 269 400 318 259v
438 267 575 334 Πρὸς
605 267 690 317 τὸν
720 267 919 333 βασιλέα
949 267 1057 335 περὶ
1087 277 1184 318 τῶν
1216 270 1474 335 δεσμωτῶν
1514 269 1703 339 (Λόγος
1734 275 1785 319 A
1793 266 1831 337 )

270 344 372 391 265
437 341 574 407 Πρὸς
612 341 876 406 εὐμόλπιον
917 337 1106 410 (Λόγος
1144 338 1290 411 ΛΑ’)

268 418 374 465 270
436 414 572 481 Πρὸς
595 414 680 475 τὰς
702 423 788 465 τοῦ
811 416 1127 482 παιδαγωγοῦ
1149 417 1462 482 βλασφημίας
1487 412 1674 486 (Λόγος
1699 413 1833 485 AB')

269 492 400 538 274*
437 488 574 554 Πρὸς
611 488 725 549 τοὺς
763 488 922 556 βαρὺν
960 488 1111 539 αὐτὸν
1141 489 1433 551 καλέσαντας
1473 486 1661 560 (Λόγος
1692 494 1792 540 ΛΓ
1793 486 1833 559 ’)

268 565 370 612 281
435 562 571 627 Πρὸς
611 562 801 629 ἰκάριον
841 557 1031 630 (Λόγος
1069 558 1214 631 AA')

267 637 399 685 285ν
436 635 576 685 Κατὰ
615 636 807 702 ι’καρίου
848 631 1039 705 (Λόγος
1077 632 1221 705 AE')

267 713 372 759 292
434 710 528 769 Εἰς
564 709 820 776 καισάριον
859 711 1120 777 μάγιστρον
1160 706 1350 779 (Λόγος
1387 706 1508 780 Λς’)

268 785 400 833 2967
438 783 574 850 Πρὸς
612 783 726 843 τοὺς
766 782 907 844 νέους
944 783 1052 850 περὶ
1090 793 1177 835 τοῦ
1215 786 1426 850 τάπητος
1465 781 1654 854 (Λόγος
1692 781 1834 854 AZ')

268 859 400 907 302*
437 857 574 923 Πρὸς
611 854 776 924 το[ὺ]ς
813 858 882 918 εἰς
919 857 1011 922 τὴν
1057 859 1284 908 παιδείαν
1435 899 1444 909 .
1471 899 1481 909 .
1529 854 1583 928 (1.
1624 878 1662 908 e
1710 859 1836 910 ἀπο-

156 925 472 999 σκώψαντας)
514 926 703 999 (Λόγος
733 935 844 980 ΛΗ
846 926 883 1000 ')

269 1007 371 1054 312
412 1001 538 1053 Κατ’
575 1005 766 1071 ἰκαρίου
804 1005 925 1072 πρὸς
963 1005 1048 1055 τὸν
1085 1014 1355 1072 κρατοῦντα
1395 1002 1585 1075 (Λόγος
1622 1002 1758 1074 ΛΘ)

269 1081 373 1128 316
413 1077 553 1128 Κατὰ
595 1081 829 1145 σιλβανοῦ
878 1074 1068 1148 (Λόγος
1105 1074 1230 1148 Μ’).
1307 1081 1418 1136 DeS.
1466 1082 1551 1130 fol.
1594 1083 1699 1130 320
1752 1080 1833 1131 καὶ

157 1152 210 1202 τὸ
248 1160 345 1202 τῶν
384 1150 661 1217 ὀφθαλμῶν
699 1152 1007 1218 ἀποθέμενος
1030 1154 1233 1220 θράσος
1270 1153 1488 1221 γενέσθω
1527 1172 1631 1214 πως
1668 1155 1834 1220 τιμιώ-

157 1245 290 1293 τερος
330 1221 404 1294 (Π
437 1228 558 1289 352,
592 1229 622 1276 8
655 1221 737 1295 R).
826 1226 971 1287 Τέλος
1015 1235 1112 1277 τῶν
1158 1228 1316 1294 λόγων
1361 1229 1587 1294 λιβανίου
1629 1229 1838 1296 ῥήτορος

157 1299 430 1366 ἄντιοχέως.

270 1377 376 1424 320
432 1370 727 1441 Ἀριστείδου
781 1375 986 1442 ῥήτορος
1039 1376 1312 1442 σμυρναίου
1354 1376 1507 1443 λόγος
1559 1375 1839 1442 λευκτρικὸς

157 1446 278 1514 ὑπὲρ
332 1449 715 1513 λακεδαιμονίων
769 1457 969 1515 πρῶτος.
1045 1450 1158 1499 Des.
1205 1450 1290 1499 fol.
1339 1452 1446 1499 340
1499 1448 1580 1499 καὶ
1634 1449 1838 1515 μνήμην

157 1521 279 1587 πρὸς
328 1520 557 1572 ἁπάντων
611 1522 721 1588 ἕχον
771 1523 973 1589 διηνεκῆ
1030 1518 1078 1592 (Ι
1126 1526 1226 1573 641
1278 1518 1462 1591 Dind.).
1544 1522 1687 1583 Τέλος
1740 1531 1837 1573 νῦν

158 1595 362 1660 εἴληφεν
399 1593 430 1660 ἡ
471 1597 638 1661 βίβλος
677 1596 777 1660 ἥδε.

267 1671 326 1718 In
386 1671 691 1734 marginibus
752 1687 839 1733 per
891 1674 1053 1720 totum
1107 1672 1322 1720 codicem
1375 1673 1611 1721 lectiones
1664 1672 1834 1720 variae

157 1758 308 1792 manu
349 1744 542 1792 librarii
586 1745 853 1793 adnotatae
900 1748 1034 1806 sunt,
1080 1747 1367 1808 plerumque
1414 1745 1701 1809 compendio
1740 1764 1831 1811 γρ.,

157 1834 270 1867 raro
309 1819 524 1866 formula
562 1816 614 1867 ἐν
652 1816 779 1867 ἄλλω
816 1819 1099 1880 praemissa.
1170 1819 1355 1867 Eadem
1393 1836 1543 1867 manu
1581 1820 1836 1878 nonnulla,

157 1908 256 1940 non
287 1894 454 1940 tamen
478 1894 643 1940 omnia
673 1893 725 1939 in
749 1895 888 1941 textu
912 1893 1092 1941 omissa
1114 1895 1167 1940 in
1190 1896 1412 1957 margine
1435 1894 1666 1941 inferiore
1698 1895 1834 1941 ante-

159 1967 321 2028 posito
360 1965 600 2015 vocabulo
640 1966 863 2029 κείμενον
902 1967 1130 2029 suppleta
1169 1970 1294 2015 sunt.
1371 1967 1526 2016 Locos
1566 1983 1595 2015 a
1637 1983 1714 2015 me
1760 1967 1836 2014 in-

160 2040 348 2087 dicatos
371 2039 827 2088 benevolentissime
852 2040 1111 2102 descripsit
1138 2056 1265 2088 anno
1295 2042 1432 2089 1872
1458 2041 1666 2089 Ioannes
1692 2040 1832 2088 Sak-

157 2113 361 2161 kelion
416 2113 535 2161 olim
588 2113 992 2162 bibliothecarius
1039 2115 1241 2162 claustri
1289 2115 1334 2162 S.
1378 2115 1599 2176 loannis,
1653 2115 1833 2162 oratio-

158 2202 244 2234 nes
282 2184 402 2234 κατὰ
440 2187 709 2251 Σιλβανοῦ,
744 2182 970 2256 Ἀντιόχῳ
1009 2188 1438 2253 παραμυθητικόν,
1476 2187 1598 2253 πρὸς
1636 2186 1833 2250 Εὐμόλ-

160 2276 277 2308 πιον
314 2261 548 2324 integras,
585 2259 695 2326 περὶ
734 2260 955 2320 δουλείας
994 2278 1019 2310 e
1057 2264 1198 2324 parte
1236 2262 1392 2310 Paulo
1431 2262 1646 2310 Wolters
1684 2263 1835 2308 inter-

161 2334 360 2382 cedente
399 2336 614 2397 gratiose
654 2334 878 2383 Socrates
919 2334 1115 2398 Kugeas
1154 2336 1375 2383 contulit.

275 2407 321 2454 8.
375 2406 537 2455 Codex
581 2407 906 2456 Vaticanus
953 2425 1022 2472 gr.
1066 2411 1185 2470 939,
1234 2411 1319 2470 qui
1370 2411 1538 2456 utrum
1591 2409 1691 2455 iam
1745 2407 1835 2455 sub

164 2479 300 2528 Sixto
347 2480 417 2527 IV
455 2483 508 2529 in
546 2481 845 2530 bibliotheca
882 2482 1171 2544 Apostolica
1215 2483 1366 2530 fuerit
1412 2482 1698 2545 ambiguum
1745 2484 1835 2541 est,

160 2555 394 2615 quoniam
438 2554 569 2602 idem
616 2555 815 2616 quidem
861 2558 936 2603 est
981 2558 1131 2617 atque
1177 2571 1376 2603 numero
1420 2557 1522 2604 607
1566 2556 1833 2617 insignitus

159 2627 335 2674 indicis
375 2628 538 2689 graeci
575 2630 627 2674 in
667 2629 830 2676 codice
869 2628 1209 2692 Rehderigano
1255 2631 1353 2677 186
1396 2615 1627 2690 descripti
1639 2622 1703 2694 ¹),
1742 2628 1834 2674 hoo

280 2813 322 2867 1)
356 2810 510 2866 Serap.
542 2811 628 2853 XII
656 2815 742 2854 264
773 2826 815 2854 n.
844 2815 927 2855 607
959 2810 1161 2856 Μελέται
1191 2810 1402 2870 λιβανὶου
1434 2811 1513 2855 καὶ
1543 2811 1682 2869 λόγοι.
1743 2811 1832 2855 De-

161 2869 350 2925 scriptio
399 2869 609 2913 codicum
655 2881 794 2925 quam
847 2869 1041 2926 praebet
1091 2870 1402 2914 inventarium
1454 2870 1653 2914 latinum
1707 2869 1831 2914 codi-

161 2929 226 2971 cis
250 2927 467 2972 Vaticani
509 2927 589 2971 lat.
625 2933 739 2972 3954
777 2941 934 2973 mense
970 2928 1101 2973 Iunio
1144 2930 1255 2973 anni
1296 2934 1408 2973 1475
1447 2928 1747 2973 terminatum
1786 2930 1834 2972 et
