2026 3168
154 137 183 188 7
188 137 224 189 4
696 135 923 179 LIBANH
954 133 1293 179 ORATIONES

176 271 232 328 βν

148 324 194 369 λι
283 314 486 387 (iterum
533 336 590 367 ex
632 313 931 386 Ἀντιοχικῷ,
984 315 1095 366 31115
1144 319 1470 381 orationibus,
1517 320 1830 368 declamatio-

149 388 331 461 nibus).
410 392 506 441 Sed
545 392 789 440 Planudes
836 408 935 440 non
981 392 1140 440 solum
1191 408 1216 440 0
1263 394 1426 442 codice
1477 395 1607 442 male
1658 395 1831 443 affecto

148 469 336 528 hausit,
387 466 471 516 sed
519 467 670 514 etiam
717 466 868 513 verba
917 465 1083 513 crebro
1137 468 1351 514 mutavit
1409 470 1458 515 et
1510 469 1832 530 transposuit,

151 543 359 603 denique
396 541 555 588 multa
593 541 724 588 inter
769 540 1071 602 principium
1117 542 1166 588 et
1211 539 1357 588 finem
1405 543 1677 590 sententiae
1723 543 1828 590 lau-

152 616 342 663 dandae
381 615 561 662 omisit.

252 689 420 738 Etiam
438 690 568 736 ratio
590 689 886 749 scriptorum
906 687 992 749 qui
1008 687 1273 735 Libanium
1292 688 1648 736 imitandum
1667 704 1832 751 sump-

150 764 321 811 serunt
350 762 464 810 inde
498 778 527 810 a
553 759 777 809 Choricio
808 776 964 823 usque
998 761 1061 808 ad
1085 760 1377 825 Gregorium
1403 760 1638 824 Cyprium
1661 762 1833 810 habita

149 853 298 899 quam
345 852 488 899 opem
526 836 652 883 ferre
692 850 836 897 posse
874 834 1115 896 videatur,
1161 837 1324 883 minor
1373 837 1447 883 est
1491 836 1545 883 in
1582 836 1723 897 Vita,
1773 839 1832 884 ut

149 912 347 959 omnino
380 910 433 957 in
465 909 784 970 orationibus,
825 925 973 970 quam
1003 910 1057 956 in
1088 909 1540 973 declamationibus,
1581 925 1705 972 quae
1741 926 1830 972 pro

147 985 404 1047 potissimo
443 984 545 1031 illis
584 984 788 1030 fuerunt
826 983 1107 1045 exemplari.

258 1059 330 1107 Eo
369 1059 527 1122 magis
567 1057 749 1119 ubique
787 1057 1081 1119 respiciendi
1120 1059 1234 1104 sunt
1273 1058 1536 1119 scriptores
1574 1073 1694 1119 quos
1726 1059 1831 1120 ipse

148 1132 295 1180 duces
350 1132 594 1193 sequitur,
646 1132 777 1179 inter
829 1131 917 1179 hos
971 1131 1130 1192 primo
1177 1131 1286 1179 1000
1334 1124 1832 1197 Demosthenes1)‚

149 1207 287 1254 cuius
318 1206 534 1253 imitatio
565 1205 663 1267 ipsi
693 1221 871 1252 nomen
903 1205 1040 1253 dedit
1070 1199 1456 1272 Anuo6fie'vvg2)
1491 1206 1572 1253 vel
1604 1203 1629 1254 ὀ
1663 1203 1832 1270 μικρὸς

148 1272 550 1345 Δημοσθένηςὸ),
583 1279 793 1327 5001111ᾶο
826 1279 933 1326 1000
957 1279 1272 1340 1500131305,
1297 1278 1644 1340 Aeschines,
1677 1279 1830 1327 Thu-

147 1354 412 1417 cydides,
452 1354 650 1414 Plato,
689 1352 1054 1414 Herodotus,
1092 1352 1417 1414 Aristides,
1462 1345 1831 1419 Lucianus4),

147 1430 323 1491 poetae
364 1427 599 1488 comici,
638 1427 786 1474 tertio
826 1428 1026 1490 tragici,
1076 1426 1343 1488 Homerus,
1390 1427 1645 1475 Pindarus.
1736 1426 1832 1475 Sed

268 1645 310 1700 1)
351 1641 416 1686 Cf.
451 1656 514 1685 or.
546 1642 568 1684 I
594 1645 691 1697 144,
717 1647 744 1685 4
767 1641 810 1684 R
849 1640 1092 1698 ἐκαθήμην
1124 1638 1204 1698 ἐφ’
1238 1634 1360 1700 ᾧπερ
1393 1641 1582 1686 εἰώθειν
1615 1639 1737 1685 κίονι
1768 1645 1829 1700 τῷ

147 1700 442 1759 Δημοσθένει
472 1698 814 1757 προσκείμενος.

266 1764 311 1818 2)
350 1761 403 1804 111
440 1760 590 1803 lexico
624 1758 907 1816 Segueriano
946 1759 1107 1803 tertio:
1154 1775 1200 1816 p.
1233 1764 1329 1813 170,
1365 1764 1419 1802 25
1457 1757 1627 1803 πταίω·
1670 1762 1830 1832 δοτικῇ

150 1819 269 1864 κατὰ
291 1820 343 1864 τὸ
367 1826 570 1876 πρᾶγμα.
605 1817 913 1875 Δημοσθένης
937 1818 1103 1863 ἑαυτὸν
1125 1815 1531 1875 προσαγγέλλοντι·
1559 1819 1615 1875 ἐγ
1625 1819 1659 1862 ὼ
1685 1817 1755 1872 δέ,
1783 1818 1831 1862 εἰ

148 1880 242 1922 καὶ
267 1886 367 1924 νῦν
385 1882 636 1935 δυστυχῶ
662 1878 756 1921 καὶ
778 1885 896 1927 τοῖς
920 1880 1147 1928 πολλοῖς
1171 1876 1504 1921 ἐπταικέναι
1526 1877 1830 1934 δοκῶ(;-ΠΤ

149 1943 246 1991 826,
283 1941 326 1995 3)
359 1940 405 1981 et
437 1937 564 1994 apud
595 1937 821 1980 Thomam
851 1936 1130 1994 Magistrum
1162 1951 1195 1980 5.
1233 1952 1272 1980 v.
1309 1936 1508 1993 εὐθύνη·
1551 1936 1579 1992 ἡ
1617 1935 1830 1991 ἐξέτασις,

149 1998 209 2047 ὡς
238 1973 520 2054 Δημοσθένη
526 2012 565 2046 ς
616 1996 672 2040 ἐν
711 2002 833 2045 ταῖς
873 1995 1151 2047 εὐθύναις
1182 2002 1503 2053 στρατηγῶν
1544 1997 1616 2052 (=
1641 1994 1707 2039 IV
1729 2000 1828 2050 632,

151 2059 235 2113 12).
300 2055 366 2100 Cf.
398 2056 516 2099 Mus.
546 2055 692 2098 Rhen.
725 2055 895 2098 XXXII
927 2059 996 2099 87.

269 2118 312 2173 3)
343 2116 396 2158 In
428 2115 590 2158 eodem
626 2114 776 2158 lexico
810 2113 1114 2172 Segueriano:
1154 2130 1199 2170 p.
1235 2119 1332 2168 135,
1366 2119 1421 2157 22
1462 2115 1605 2170 διψῶ·
1648 2119 1825 2170 γενικῇ

149 2173 455 2230 Λημοσθένης
487 2173 510 2217 ὁ
543 2173 706 2230 μικρὸς
737 2173 786 2217 ἐν
817 2179 871 2231 τῇ
904 2180 1051 2230 σιωπῇ
1083 2172 1381 2229 Σωκράτους·
1424 2173 1520 2216 καὶ
1558 2175 1700 2245 διψᾷ
1731 2178 1828 2216 τοῦ

149 2231 390 2278 κωνείου
423 2233 468 2288 (i.
497 2246 534 2276 0.
568 2232 794 2276 κωλύουσι
824 2232 906 2276 τὸν
938 2231 1193 2288 Σωκράτην
1227 2233 1276 2276 ἐν
1307 2235 1369 2290 τῷ
1401 2217 1693 2305 δεσμωτηρίῳ
1725 2232 1829 2274 δια-

148 2290 365 2348 λέγεσθαι
398 2292 469 2335 0(1.
501 2291 592 2335 Iac.
624 2290 809 2334 Morelli
838 2306 883 2347 p.
910 2295 1008 2344 208,
1038 2293 1194 2348 10);p
1199 2295 1334 2344 .168‚
1362 2295 1414 2334 12
1447 2289 1715 2345 προήσεται·
1750 2292 1828 2334 δο-

147 2358 263 2408 τικῇ.
306 2348 656 2407 Δημοσθένης
636 2367 659 2393 ο
687 2350 847 2406 μικρὸς
871 2350 919 2395 ἐν
945 2347 1015 2400 οἷς
1040 2350 1205 2394 ἑαυτὸν
1228 2348 1574 2422 προσαγγέλλει
1608 2349 1703 2392 καὶ
1728 2365 1828 2392 ουκ

150 2410 300 2454 ἔστιν
333 2408 477 2460 ὅπως
507 2407 817 2464 προήσεταί
849 2425 908 2465 με
939 2417 1059 2459 τοῖς
1089 2406 1421 2453 Μακεδόσιν
1453 2410 1525 2463 (=
1557 2407 1620 2451 IV
1645 2411 1827 2461 824,15

149 2468 229 2525 R);
270 2484 314 2524 p.
343 2473 440 2521 172,
469 2473 491 2510 7
527 2476 753 2512 συνεῖναι·
789 2474 967 2525 γενικῇ·
1001 2466 1335 2524 Δημοσθένους
1364 2473 1446 2510 τοῦ
1478 2473 1644 2539 μικροῦ
1677 2467 1726 2510 ἐν
1759 2463 1829 2516 οἷς

151 2526 317 2571 ἑαυτὸν
357 2525 702 2584 προσαγγέλλει·
750 2526 842 2570 ἵνα
883 2527 1073 2578 συνεὶς
1113 2532 1210 2582 τῆς
1252 2522 1691 2582 φιλανθρωπίας
1733 2531 1830 2580 τῆς

149 2584 423 2641 ὑμετέρας
461 2600 714 2642 προσαγγ
725 2583 848 2629 είλω
878 2587 985 2688 ίβεβ
995 2583 1130 2635 αίως
1166 2584 1264 2641 τὴν
1303 2585 1549 2640 γνώμην
1563 2583 1660 2639 τὴν
1700 2584 1827 2640 ὑμε-

149 2643 239 2699 τέρ
251 2661 280 2687 α
285 2661 317 2744 1ν
334 2646 470 2744 l(=
461 2643 525 2686 IV
557 2649 655 2698 823,
691 2646 777 2700 34).
841 2644 873 2687 C
946 2644 1120 2688 Meliss.
1159 2643 1355 2700 August.
1396 2643 1513 2698 (cod.
1546 2642 1725 2686 Monac.
1759 2658 1825 2700 gr.

151 2707 234 2745 429
307 2715 332 2745 Ο
355 2737 364 2745 .
393 2707 470 2744 16v
474 2736 483 2745 .

239 2705 312 2817 >4)
344 2761 519 2803 Ηο111111
551 2774 637 2816 ope
671 2762 1016 2804 consummatae
1048 2760 1386 2804 emendationis
1419 2759 1683 2816 exemplap
1685 2760 1827 2803 rotuli

150 2820 267 2863 Mus.
292 2820 438 2862 Rhen.
463 2819 632 2862 XXXII
656 2823 712 2862 86
738 2834 803 2874 5(1.
858 2820 1043 2862 Partem
1066 2819 1272 2862 locorum
1296 2818 1464 2874 quibus
1488 2818 1731 2862 Platonica
1754 2819 1827 2862 vel

153 2879 356 2922 citantur
387 2878 458 2921 vel
488 2877 810 2934 respiciuntur,
844 2877 963 2921 libro
999 2877 1222 2934 inscripto
1254 2878 1508 2921 Francesco
1534 2877 1829 2921 Zambeccari

150 2938 247 2980 und
279 2937 354 2980 die
386 2936 538 2980 Briefe
571 2937 651 2981 des
683 2936 902 2980 Libanios
933 2953 978 2993 p.
1004 2942 1088 2980 212
1108 2951 1174 2992 5(1.
1208 2937 1431 2994 congessi.
