2026 3168
189 161 293 215 132
740 159 968 203 LIBANH
999 158 1340 204 ORATIONES

188 318 292 360 τως
332 295 621 360 ἐπιδείξειν
660 297 1127 365 προπεμπόμενος,
1168 293 1299 348 οὐδὲ
1337 297 1442 366 γὰρ
1475 296 1776 365 βλέμματός
1805 317 1871 364 με

190 385 458 450 ἀξιώσειν.
538 384 671 437 10οζ
715 384 742 437 ὁ
791 381 851 436 δὲ
901 383 959 436 ἐκ
1005 382 1187 452 μέσων
1232 393 1343 437 τῶν
1391 384 1599 438 ἱππέων
1647 385 1735 438 ἐπὶ
1777 393 1872 455 τῆς

190 476 407 544 τάφρου
448 475 508 527 τὸ
548 477 726 543 χεῖλος
765 468 935 541 οὗπερ
970 473 1258 540 εἱστήκειν,
1290 474 1386 525 τὸν
1419 474 1589 526 ἵππον
1622 473 1874 537 ἐξελάσας

193 559 309 616 εἶδέ
357 582 414 615 τε
469 555 591 614 οἷον
639 563 911 631 πρότερον
962 559 1182 614 ἐκέλευέ
1227 580 1285 612 τε
1334 562 1407 630 μὴ
1457 561 1692 631 μέλλειν,
1736 562 1874 616 ἀλλὰ

148 674 165 703 5
192 656 507 720 μεμνῆσθαι
547 658 643 718 τῆς
687 648 918 720 Θρᾴκης.
996 648 1101 716 ἐγὼ
1150 647 1210 702 δὲ
1250 649 1394 702 οὕτω
1433 648 1534 718 μὲν
1575 653 1716 722 ἔφην
1754 670 1874 704 ποι-

190 743 361 809 ἥσειν,
412 739 640 792 ἐποίουν
688 735 749 791 δὲ
795 739 862 791 τὰ
908 739 1074 791 πάλαι
1124 737 1428 807 δεδογμένα
1466 738 1649 807 μένων
1687 759 1744 792 τε
1783 739 1875 793 καὶ

191 837 285 897 τῆς
338 828 604 898 πατρίδος
660 826 930 896 ἐχόμενος.
1021 829 1201 879 καίτοι
1254 836 1367 879 τῶν
1419 846 1477 879 τε
1522 827 1877 897 ὑποσχέσεων

191 915 357 987 ἔργον
398 913 565 970 οὐδὲν
605 916 664 978 ὅς
710 915 774 968 τέ
814 935 880 984 με
920 914 1008 968 ἐπὶ
1056 916 1322 984 διαδοχὴν
1369 915 1547 968 ἐκάλει
1595 926 1706 969 τῶν
1750 916 1876 987 περὶ

193 1008 324 1067 τοὺς
363 1005 526 1068 νέους
564 1007 756 1057 πόνων
796 1004 824 1058 ὁ
869 1006 1139 1072 Ζηνόβιος
1185 1004 1368 1074 ἕτερος
1407 1004 1650 1072 ἐγεγόνει
1688 1007 1880 1058 πόνων

130 1116 171 1147 10
196 1114 252 1146 τε
316 1094 480 1155 αὐτὸς
533 1093 665 1164 ἐρᾶν
720 1091 897 1161 λέγων
949 1091 1040 1146 καὶ
1096 1090 1187 1161 ἐμὲ
1239 1094 1311 1161 μὴ
1368 1095 1488 1145 δεῖν
1547 1093 1878 1160 ἐπείγεσθαι.

201 1182 320 1236 101.
347 1182 376 1235 ὃ
404 1183 473 1252 δή
496 1203 589 1252 μοι
614 1181 705 1235 καὶ
729 1183 795 1234 τὰ
815 1182 1106 1252 πράγματα
1129 1181 1231 1251 οὐχ
1255 1183 1451 1251 ἥκιστα
1475 1184 1695 1250 ἔβλαψε,
1720 1183 1781 1235 τὸ
1806 1183 1878 1251 μὴ

200 1271 374 1334 εὐθὺς
426 1273 810 1342 προσπεσόντα
870 1270 1181 1340 τρέψασθαι
1242 1273 1372 1333 τοὺς
1425 1269 1881 1342 τεταραγμένους·

199 1359 326 1412 καθ’
374 1361 608 1429 ἡσυχίαν
647 1361 751 1430 γὰρ
784 1361 849 1412 τά
883 1359 1066 1412 αὑτῶν
1097 1358 1472 1428 ἐβεβαιοῦντο,
1506 1360 1610 1427 ἐγὼ
1645 1357 1707 1412 δὲ
1739 1365 1882 1412 οἴκοι

198 1446 300 1517 μὲν
360 1450 752 1501 πεντεκαίδεκα
813 1447 960 1510 νεόις
1021 1456 1215 1516 συνῆν,
1270 1443 1349 1500 ὧν
1408 1444 1547 1515 ἧκον
1600 1449 1660 1501 τὸ
1714 1447 1884 1500 πλέον

132 1558 174 1590 15
200 1538 369 1606 ἄγων,
410 1538 564 1590 οὔπω
607 1538 668 1589 δὲ
705 1533 776 1605 ἦν
815 1535 876 1589 ἐν
914 1543 987 1608 τῷ
1021 1544 1121 1589 τοῦ
1167 1537 1596 1605 δημοσιεύοντος
1637 1539 1884 1605 σχήματι,

198 1624 289 1678 καὶ
329 1635 543 1695 κατεῖχε
583 1625 684 1694 μὲν
724 1625 939 1694 ἀθυμία
977 1626 1106 1687 τοὺς
1147 1624 1326 1693 ἐμούς,
1365 1634 1576 1694 κατεῖχε
1617 1625 1679 1678 δὲ
1718 1624 1887 1679 αὐτὸν

202 1714 310 1783 ἐμέ,
351 1713 441 1767 καὶ
481 1721 554 1787 τῷ
589 1714 797 1784 ἀργεῖν,
837 1714 1018 1783 ὥσπερ
1064 1713 1092 1766 ὁ
1132 1721 1232 1766 τοῦ
1273 1713 1527 1782 Πηλέως,
1576 1713 1887 1783 ἀχθόμενος

201 1804 374 1872 ἄχθος
421 1823 477 1855 τε
525 1803 767 1873 ἀρούρης
815 1801 1052 1871 ἐμαυτὸν
1100 1801 1382 1869 ὀνομάζων
1430 1805 1507 1864 είς
1553 1810 1717 1855 τοῦτο
1758 1802 1885 1855 ἀπε-

140 1914 179 1944 19
206 1895 480 1962 φερόμην,
550 1893 687 1944 ὥστε
757 1891 1061 1961 φαρμάκων
1126 1893 1284 1943 πόσει
1341 1892 1687 1959 διεσωσάμην
1733 1892 1828 1953 τὰς
1878 1891 1883 1961 Ι

121 1993 162 2035 R
185 1997 237 2036 71
272 1980 479 2049 φρένας
517 1991 631 2042 τοῖς
670 1981 771 2048 μὲν
810 1982 1017 2050 χείροσι
1056 1989 1166 2031 τῶν
1198 1978 1438 2031 ἐλπίδων
1469 1980 1760 2049 χρώμενος,
1799 1977 1887 2032 ἐπὶ

205 2067 264 2121 δὲ
303 2071 433 2132 τοὺς
473 2069 575 2121 οὐκ
615 2066 756 2137 ἔχων
796 2069 926 2120 ἄνευ
967 2067 1202 2135 γέλωτος
1242 2067 1584 2120 ἐπανελθεῖν.

318 2158 436 2209 102.
470 2155 749 2209 Ἐνταῦθά
803 2176 896 2224 μοι
952 2155 1131 2226 γέρων
1191 2175 1273 2218 τις
1326 2157 1657 2226 προσελθὼν
1718 2153 1885 2209 οὐδὲν

208 2243 313 2314 ἔφη
354 2246 678 2314 θαυμαστὸν
711 2241 852 2297 εἶναι
891 2246 963 2312 μὴ
998 2240 1058 2296 εὗ
1094 2245 1355 2315 πράττειν
1387 2243 1447 2297 ἐν
1478 2253 1542 2314 τῇ
1581 2246 1739 2313 κλίνῃ
1779 2247 1889 2296 κεί-

211 2350 400 2402 μενον·
447 2337 796 2386 πλεονεκτεῖν
842 2334 946 2402 γὰρ
989 2334 1055 2400 δὴ
1095 2335 1225 2395 τοὺς
1258 2332 1318 2384 ἐν
1355 2339 1429 2404 τῷ
1462 2332 1607 2403 μέσῳ
1646 2332 1887 2400 καθημέ-

329 2512 350 2550 7
383 2522 427 2563 p.
457 2511 552 2560 128,
581 2512 634 2550 19
654 2522 719 2563 sq.
846 2512 899 2551 18
930 2507 981 2550 11.
1016 2521 1041 2550 σ
1069 2511 1152 2550 104

330 2674 351 2711 1
386 2668 750 2724 προνῖἆτόμενος,
795 2668 845 2711 in
876 2683 1010 2726 marg
1039 2684 1132 2724 πεμ
1162 2669 1207 2711 Α
1298 2666 1684 2723 προπεμπόμενον
1716 2668 1817 2711 Mor

212 2733 236 2770 2
270 2724 317 2771 δ’
349 2728 428 2771 ΟΡ
530 2733 557 2770 4
590 2726 767 2771 ἐκέλευε
792 2742 892 2770 corr
915 2742 970 2771 ex
996 2727 1198 2771 ἐκέλευεν
1226 2726 1263 2770 Ο
1371 2731 1397 2769 5
1430 2726 1479 2769 δὲ
1514 2725 1631 2769 οὕτω
1663 2753 1721 2758 ——
1754 2732 1778 2771 6
1812 2727 1891 2770 καὶ

211 2786 334 2829 inser
365 2786 474 2829 Ferr
504 2785 554 2828 in
583 2800 716 2842 marg
749 2788 755 2841 l
799 2786 925 2830 οὔπω
959 2787 1068 2829 Fen·
1098 2786 1147 2829 in
1178 2799 1311 2842 marg
1341 2784 1442 2828 Mor
1591 2790 1616 2828 8
1649 2786 1788 2831 οὐδὲν
1821 2783 1887 2842 ὅς]

212 2844 403 2894 οὐδενὸς
427 2846 469 2888 L
497 2845 502 2902 Ι
530 2842 578 2900 μ’
596 2846 639 2889 L
700 2861 778 2901 μοι
802 2847 847 2890 Β
912 2851 962 2888 11
990 2843 1237 2902 οὐχήκιστα
1262 2844 1362 2887 BV
1418 2848 1470 2885 17
1498 2842 1542 2886 οἱ
1566 2845 1609 2887 L
1673 2849 1726 2888 18
1752 2843 1891 2899 ἀρού-

214 2920 294 2959 ρης
324 2904 509 2959 reposui
541 2917 565 2946 e
596 2903 727 2946 libris
761 2905 807 2946 et
837 2904 947 2947 Fen·
1008 2903 1212 2959 ἀρούρας
1242 2902 1343 2945 Mor
1366 2902 1433 2945 Re
1555 2908 1608 2946 22
1641 2901 1709 2954 τίς
1739 2903 1838 2947 BV

215 2967 270 3006 23
301 2961 492 3018 πράττη,
524 2963 604 3005 sed
634 2980 663 3019 η
696 2962 745 3005 in
775 2976 850 3005 ras
882 2962 946 3006 P2
1067 2967 1123 3005 24
1154 2965 1216 3021 τῷ
1240 2961 1414 3005 inserui
1446 2974 1471 3003 e
1494 2961 1576 3005 VL
