<?xml version="1.0" encoding="UTF-8"?>
<!DOCTYPE html PUBLIC "-//W3C//DTD XHTML 1.0 Transitional//EN"
    "http://www.w3.org/TR/xhtml1/DTD/xhtml1-transitional.dtd">
<html xmlns="http://www.w3.org/1999/xhtml" xml:lang="en" lang="en">
 <head>
  <title>
</title>
<meta http-equiv="Content-Type" content="text/html;charset=utf-8" />
  <meta name='ocr-system' content='tesseract 3.04.00' />
  <meta name='ocr-capabilities' content='ocr_page ocr_carea ocr_par ocr_line ocrx_word'/>
</head>
<body>
  <div class='ocr_page' id='page_1' title='image "./operarecensuitri01libauoft_0165.png"; bbox 0 0 2026 3168; ppageno 0'>
   <div class='ocr_carea' id='block_1_1' title="bbox 701 145 1843 200">
    <p class='ocr_par' dir='ltr' id='par_1_1' title="bbox 701 145 1843 200">
     <span class='ocr_line' id='line_1_1' title="bbox 701 145 1843 200; baseline 0.009 -10"><span class='ocrx_word' id='word_1_1' title='bbox 701 145 929 190; x_wconf 87' lang='lat' dir='ltr'><strong>LIBANII</strong></span> <span class='ocrx_word' id='word_1_2' title='bbox 959 145 1301 191; x_wconf 84' lang='lat' dir='ltr'><strong>ORATIONES</strong></span> <span class='ocrx_word' id='word_1_3' title='bbox 1739 147 1843 200; x_wconf 86' lang='lat'><em>149</em></span> 
     </span>
    </p>
   </div>
   <div class='ocr_carea' id='block_1_2' title="bbox 156 279 1932 2393">
    <p class='ocr_par' dir='ltr' id='par_1_2' title="bbox 156 279 1932 2393">
     <span class='ocr_line' id='line_1_2' title="bbox 161 279 1840 352; baseline 0 -17"><span class='ocrx_word' id='word_1_4' title='bbox 161 281 390 352; x_wconf 79' lang='grc' dir='ltr'><em>ῥόπαλα,</em></span> <span class='ocrx_word' id='word_1_5' title='bbox 443 289 555 334; x_wconf 82' lang='grc' dir='ltr'><em>τῶν</em></span> <span class='ocrx_word' id='word_1_6' title='bbox 607 280 673 334; x_wconf 80' lang='grc' dir='ltr'><em>δέ</em></span> <span class='ocrx_word' id='word_1_7' title='bbox 722 302 805 345; x_wconf 91' lang='grc' dir='ltr'><em>τις</em></span> <span class='ocrx_word' id='word_1_8' title='bbox 856 280 1013 335; x_wconf 82' lang='grc' dir='ltr'><em>ταυτὶ</em></span> <span class='ocrx_word' id='word_1_9' title='bbox 1066 279 1168 349; x_wconf 76' lang='grc' dir='ltr'><em>μὲν</em></span> <span class='ocrx_word' id='word_1_10' title='bbox 1221 283 1575 351; x_wconf 82' lang='grc' dir='ltr'><em>συνειδότων,</em></span> <span class='ocrx_word' id='word_1_11' title='bbox 1628 291 1728 335; x_wconf 88' lang='grc' dir='ltr'><em>τοῦ</em></span> <span class='ocrx_word' id='word_1_12' title='bbox 1779 279 1840 336; x_wconf 76' lang='grc' dir='ltr'><em>δὲ</em></span> 
     </span>
     <span class='ocr_line' id='line_1_3' title="bbox 159 367 1842 440; baseline 0 -17"><span class='ocrx_word' id='word_1_13' title='bbox 159 372 326 440; x_wconf 84' lang='grc' dir='ltr'><em>ἔργου</em></span> <span class='ocrx_word' id='word_1_14' title='bbox 364 377 654 422; x_wconf 83' lang='grc' dir='ltr'><em>κοινωνεῖν</em></span> <span class='ocrx_word' id='word_1_15' title='bbox 695 370 796 423; x_wconf 89' lang='grc' dir='ltr'><em>οὐκ</em></span> <span class='ocrx_word' id='word_1_16' title='bbox 836 369 1163 439; x_wconf 80' lang='grc' dir='ltr'><em>ἐθελόντων,</em></span> <span class='ocrx_word' id='word_1_17' title='bbox 1194 371 1330 438; x_wconf 89' lang='grc' dir='ltr'><em>πρὸς</em></span> <span class='ocrx_word' id='word_1_18' title='bbox 1370 367 1461 437; x_wconf 74' lang='grc' dir='ltr'><em>ἐμὲ</em></span> <span class='ocrx_word' id='word_1_19' title='bbox 1501 367 1562 423; x_wconf 76' lang='grc' dir='ltr'><em>δὲ</em></span> <span class='ocrx_word' id='word_1_20' title='bbox 1601 371 1667 424; x_wconf 87' lang='grc' dir='ltr'><em>οὐ</em></span> <span class='ocrx_word' id='word_1_21' title='bbox 1698 371 1842 438; x_wconf 79' lang='grc' dir='ltr'><em>μάλα</em></span> 
     </span>
     <span class='ocr_line' id='line_1_4' title="bbox 159 455 1844 528; baseline -0.001 -15"><span class='ocrx_word' id='word_1_22' title='bbox 159 460 372 521; x_wconf 82' lang='grc' dir='ltr'><strong><em>οἰκείως</em></strong></span> <span class='ocrx_word' id='word_1_23' title='bbox 409 456 717 528; x_wconf 81' lang='grc' dir='ltr'><em>ἐσχηκότων</em></span> <span class='ocrx_word' id='word_1_24' title='bbox 755 467 850 527; x_wconf 85' lang='grc' dir='ltr'><em>τῆς</em></span> <span class='ocrx_word' id='word_1_25' title='bbox 879 464 1019 512; x_wconf 81' lang='grc' dir='ltr'><em>θεοῦ</em></span> <span class='ocrx_word' id='word_1_26' title='bbox 1050 460 1368 527; x_wconf 81' lang='grc' dir='ltr'><strong><em>πεμπούσης</em></strong></span> <span class='ocrx_word' id='word_1_27' title='bbox 1399 458 1666 528; x_wconf 83' lang='grc' dir='ltr'><em>ἀφεκτέον</em></span> <span class='ocrx_word' id='word_1_28' title='bbox 1698 455 1844 512; x_wconf 85' lang='grc' dir='ltr'><em>εἷναί</em></span> 
     </span>
     <span class='ocr_line' id='line_1_5' title="bbox 156 546 1844 618; baseline 0 -18"><span class='ocrx_word' id='word_1_29' title='bbox 156 567 251 614; x_wconf 87' lang='grc' dir='ltr'><em>μοι</em></span> <span class='ocrx_word' id='word_1_30' title='bbox 287 556 399 600; x_wconf 86' lang='grc' dir='ltr'><em>τῶν</em></span> <span class='ocrx_word' id='word_1_31' title='bbox 436 548 584 617; x_wconf 81' lang='grc' dir='ltr'><em>παρὰ</em></span> <span class='ocrx_word' id='word_1_32' title='bbox 621 549 722 616; x_wconf 86' lang='grc' dir='ltr'><em>τὴν</em></span> <span class='ocrx_word' id='word_1_33' title='bbox 760 556 995 615; x_wconf 89' lang='grc' dir='ltr'><em>γυναῖκα</em></span> <span class='ocrx_word' id='word_1_34' title='bbox 1035 546 1250 616; x_wconf 84' lang='grc' dir='ltr'><em>ἐκείνην</em></span> <span class='ocrx_word' id='word_1_35' title='bbox 1290 547 1438 601; x_wconf 77' lang='grc' dir='ltr'><em>ὁδῶν</em></span> <span class='ocrx_word' id='word_1_36' title='bbox 1477 550 1606 616; x_wconf 82' lang='grc' dir='ltr'><em>ἔφη,</em></span> <span class='ocrx_word' id='word_1_37' title='bbox 1650 549 1844 618; x_wconf 80' lang='grc' dir='ltr'><em>κερδα-</em></span> 
     </span>
     <span class='ocr_line' id='line_1_6' title="bbox 158 633 1906 706; baseline 0.001 -18"><span class='ocrx_word' id='word_1_38' title='bbox 158 644 278 688; x_wconf 89' lang='grc' dir='ltr'><em>νεῑν</em></span> <span class='ocrx_word' id='word_1_39' title='bbox 317 636 447 705; x_wconf 78' lang='grc' dir='ltr'><em>γάρ,</em></span> <span class='ocrx_word' id='word_1_40' title='bbox 487 636 589 704; x_wconf 81' lang='grc' dir='ltr'><em>ὅ,τι</em></span> <span class='ocrx_word' id='word_1_41' title='bbox 630 633 691 688; x_wconf 74' lang='grc' dir='ltr'><em>δὲ</em></span> <span class='ocrx_word' id='word_1_42' title='bbox 729 633 799 704; x_wconf 78' lang='grc' dir='ltr'><em>ἦν</em></span> <span class='ocrx_word' id='word_1_43' title='bbox 836 637 897 689; x_wconf 93' lang='grc' dir='ltr'><em>τὸ</em></span> <span class='ocrx_word' id='word_1_44' title='bbox 938 637 1142 705; x_wconf 79' lang='grc' dir='ltr'><em>δεινόν,</em></span> <span class='ocrx_word' id='word_1_45' title='bbox 1182 635 1505 689; x_wconf 80' lang='grc' dir='ltr'><em>ἀπαιτοῦντι</em></span> <span class='ocrx_word' id='word_1_46' title='bbox 1544 634 1697 689; x_wconf 86' lang='grc' dir='ltr'><em>τουτὶ</em></span> <span class='ocrx_word' id='word_1_47' title='bbox 1730 635 1838 706; x_wconf 80' lang='grc' dir='ltr'>[δὲ]</span> <span class='ocrx_word' id='word_1_48' title='bbox 1887 656 1906 689; x_wconf 84' lang='grc'>5</span> 
     </span>
     <span class='ocr_line' id='line_1_7' title="bbox 160 720 1843 794; baseline 0.001 -17"><span class='ocrx_word' id='word_1_49' title='bbox 160 724 228 777; x_wconf 82' lang='grc' dir='ltr'><em>οὐ</em></span> <span class='ocrx_word' id='word_1_50' title='bbox 290 723 618 794; x_wconf 80' lang='grc' dir='ltr'><em>προσέθηκε.</em></span> <span class='ocrx_word' id='word_1_51' title='bbox 694 725 1086 794; x_wconf 80' lang='grc' dir='ltr'><em>θαυμαζούσης</em></span> <span class='ocrx_word' id='word_1_52' title='bbox 1147 720 1277 793; x_wconf 83' lang='grc' dir='ltr'><em>οὖν,</em></span> <span class='ocrx_word' id='word_1_53' title='bbox 1331 725 1404 788; x_wconf 82' lang='grc' dir='ltr'><em>ὡς</em></span> <span class='ocrx_word' id='word_1_54' title='bbox 1465 724 1531 777; x_wconf 86' lang='grc' dir='ltr'><em>οὐ</em></span> <span class='ocrx_word' id='word_1_55' title='bbox 1585 725 1652 777; x_wconf 80' lang='grc' dir='ltr'><em>τὰ</em></span> <span class='ocrx_word' id='word_1_56' title='bbox 1706 724 1843 778; x_wconf 79' lang='grc' dir='ltr'><em>αὐτὰ</em></span> 
     </span>
     <span class='ocr_line' id='line_1_8' title="bbox 157 808 1839 883; baseline 0 -17"><span class='ocrx_word' id='word_1_57' title='bbox 157 816 396 882; x_wconf 79' lang='grc' dir='ltr'><em>ποιοίην,</em></span> <span class='ocrx_word' id='word_1_58' title='bbox 444 821 539 882; x_wconf 84' lang='grc' dir='ltr'><em>τῆς</em></span> <span class='ocrx_word' id='word_1_59' title='bbox 583 815 846 881; x_wconf 87' lang='grc' dir='ltr'><em>γυναικὸς</em></span> <span class='ocrx_word' id='word_1_60' title='bbox 884 813 1260 883; x_wconf 74' lang='grc' dir='ltr'><em>ἀπεκρινάμην</em></span> <span class='ocrx_word' id='word_1_61' title='bbox 1309 812 1405 883; x_wconf 83' lang='grc' dir='ltr'><em>ἀφ’</em></span> <span class='ocrx_word' id='word_1_62' title='bbox 1448 808 1528 867; x_wconf 77' lang='grc' dir='ltr'><em>ὧν</em></span> <span class='ocrx_word' id='word_1_63' title='bbox 1572 814 1839 882; x_wconf 84' lang='grc' dir='ltr'><em>ἠκηκόειν.</em></span> 
     </span>
     <span class='ocr_line' id='line_1_9' title="bbox 157 900 1844 972; baseline 0.001 -18"><span class='ocrx_word' id='word_1_64' title='bbox 157 900 248 955; x_wconf 82' lang='grc' dir='ltr'><em>καὶ</em></span> <span class='ocrx_word' id='word_1_65' title='bbox 285 902 319 970; x_wconf 82' lang='grc' dir='ltr'><em>ἣ</em></span> <span class='ocrx_word' id='word_1_66' title='bbox 362 901 944 972; x_wconf 81' lang='grc' dir='ltr'><em>διερευνωμένηνοῦν</em></span> <span class='ocrx_word' id='word_1_67' title='bbox 981 922 1038 955; x_wconf 88' lang='grc' dir='ltr'><em>τε</em></span> <span class='ocrx_word' id='word_1_68' title='bbox 1078 905 1273 972; x_wconf 79' lang='grc' dir='ltr'><em>ἔχοντα</em></span> <span class='ocrx_word' id='word_1_69' title='bbox 1309 908 1707 972; x_wconf 83' lang='grc' dir='ltr'><em>καταμαθοῦσα</em></span> <span class='ocrx_word' id='word_1_70' title='bbox 1745 903 1844 955; x_wconf 88' lang='grc' dir='ltr'><em>τὸν</em></span> 
     </span>
     <span class='ocr_line' id='line_1_10' title="bbox 159 989 1844 1061; baseline 0.001 -18"><span class='ocrx_word' id='word_1_71' title='bbox 159 993 342 1060; x_wconf 86' lang='grc' dir='ltr'><em>φόβον</em></span> <span class='ocrx_word' id='word_1_72' title='bbox 371 992 629 1044; x_wconf 83' lang='grc' dir='ltr'><em>παύσασά</em></span> <span class='ocrx_word' id='word_1_73' title='bbox 665 1011 723 1044; x_wconf 92' lang='grc' dir='ltr'><em>τε</em></span> <span class='ocrx_word' id='word_1_74' title='bbox 763 989 1211 1060; x_wconf 81' lang='grc' dir='ltr'><em>ἐξαπατωμένους</em></span> <span class='ocrx_word' id='word_1_75' title='bbox 1251 989 1481 1061; x_wconf 77' lang='grc' dir='ltr'><em>ἐπῄνεσε</em></span> <span class='ocrx_word' id='word_1_76' title='bbox 1526 993 1625 1044; x_wconf 92' lang='grc' dir='ltr'><em>τὸν</em></span> <span class='ocrx_word' id='word_1_77' title='bbox 1670 990 1844 1055; x_wconf 80' lang='grc' dir='ltr'><em>ἐξελό-</em></span> 
     </span>
     <span class='ocr_line' id='line_1_11' title="bbox 157 1079 1909 1150; baseline 0.001 -18"><span class='ocrx_word' id='word_1_78' title='bbox 157 1099 328 1149; x_wconf 91' lang='grc' dir='ltr'><em>μενον</em></span> <span class='ocrx_word' id='word_1_79' title='bbox 367 1079 503 1150; x_wconf 76' lang='grc' dir='ltr'><em>αὐτῇ</em></span> <span class='ocrx_word' id='word_1_80' title='bbox 543 1081 800 1134; x_wconf 92' lang='grc' dir='ltr'><em>τοιούτου</em></span> <span class='ocrx_word' id='word_1_81' title='bbox 840 1082 1053 1150; x_wconf 83' lang='grc' dir='ltr'><em>μύσους</em></span> <span class='ocrx_word' id='word_1_82' title='bbox 1090 1082 1192 1149; x_wconf 85' lang='grc' dir='ltr'><em>τὴν</em></span> <span class='ocrx_word' id='word_1_83' title='bbox 1232 1081 1414 1133; x_wconf 87' lang='grc' dir='ltr'><em>οἰκίαν</em></span> <span class='ocrx_word' id='word_1_84' title='bbox 1453 1081 1702 1150; x_wconf 80' lang='grc' dir='ltr'><em>δαίμονα.</em></span> <span class='ocrx_word' id='word_1_85' title='bbox 1867 1101 1909 1134; x_wconf 90' lang='lat'><em>10</em></span> 
     </span>
     <span class='ocr_line' id='line_1_12' title="bbox 274 1167 1844 1239; baseline 0.001 -19"><span class='ocrx_word' id='word_1_86' title='bbox 274 1168 393 1220; x_wconf 85' lang='lat'>138.</span> <span class='ocrx_word' id='word_1_87' title='bbox 440 1169 599 1221; x_wconf 81' lang='grc' dir='ltr'><em>Μετὰ</em></span> <span class='ocrx_word' id='word_1_88' title='bbox 645 1176 816 1222; x_wconf 84' lang='grc' dir='ltr'><em>ταῦτα</em></span> <span class='ocrx_word' id='word_1_89' title='bbox 862 1171 1057 1222; x_wconf 83' lang='grc' dir='ltr'><em>τοίνυν</em></span> <span class='ocrx_word' id='word_1_90' title='bbox 1097 1169 1234 1238; x_wconf 86' lang='grc' dir='ltr'><em>ἀνὴρ</em></span> <span class='ocrx_word' id='word_1_91' title='bbox 1275 1170 1554 1239; x_wconf 78' lang='grc' dir='ltr'><em>βάρβαρος</em></span> <span class='ocrx_word' id='word_1_92' title='bbox 1593 1167 1844 1239; x_wconf 79' lang='grc' dir='ltr'><em>ἐξώργιζε</em></span> 
     </span>
     <span class='ocr_line' id='line_1_13' title="bbox 159 1255 1844 1327; baseline 0.001 -17"><span class='ocrx_word' id='word_1_93' title='bbox 159 1257 258 1310; x_wconf 90' lang='grc' dir='ltr'><em>τὸν</em></span> <span class='ocrx_word' id='word_1_94' title='bbox 287 1265 598 1324; x_wconf 87' lang='grc' dir='ltr'><em>κρατοῦντα</em></span> <span class='ocrx_word' id='word_1_95' title='bbox 633 1256 714 1310; x_wconf 82' lang='grc' dir='ltr'><em>ἐπ’</em></span> <span class='ocrx_word' id='word_1_96' title='bbox 752 1255 844 1326; x_wconf 77' lang='grc' dir='ltr'><em>ἐμὲ</em></span> <span class='ocrx_word' id='word_1_97' title='bbox 876 1256 1071 1327; x_wconf 90' lang='grc' dir='ltr'><em>λέγων,</em></span> <span class='ocrx_word' id='word_1_98' title='bbox 1101 1258 1173 1321; x_wconf 83' lang='grc' dir='ltr'><em>ὡς</em></span> <span class='ocrx_word' id='word_1_99' title='bbox 1205 1257 1272 1310; x_wconf 87' lang='grc' dir='ltr'><em>οὐ</em></span> <span class='ocrx_word' id='word_1_100' title='bbox 1304 1259 1582 1326; x_wconf 87' lang='grc' dir='ltr'><em>παυοίμην</em></span> <span class='ocrx_word' id='word_1_101' title='bbox 1612 1263 1844 1327; x_wconf 80' lang='grc' dir='ltr'><em>θρηνῶν</em></span> 
     </span>
     <span class='ocr_line' id='line_1_14' title="bbox 157 1343 1932 1417; baseline 0.002 -19"><span class='ocrx_word' id='word_1_102' title='bbox 157 1347 258 1414; x_wconf 87' lang='grc' dir='ltr'><em>τὴν</em></span> <span class='ocrx_word' id='word_1_103' title='bbox 292 1344 299 1417; x_wconf 86' lang='grc' dir='ltr'>Ι</span> <span class='ocrx_word' id='word_1_104' title='bbox 333 1353 432 1399; x_wconf 86' lang='grc' dir='ltr'><em>τοῦ</em></span> <span class='ocrx_word' id='word_1_105' title='bbox 464 1348 728 1409; x_wconf 75' lang='grc' dir='ltr'><em>πεσόντος</em></span> <span class='ocrx_word' id='word_1_106' title='bbox 758 1349 987 1415; x_wconf 89' lang='grc' dir='ltr'><em>πληγήν.</em></span> <span class='ocrx_word' id='word_1_107' title='bbox 1050 1346 1079 1400; x_wconf 85' lang='grc' dir='ltr'>ὁ</span> <span class='ocrx_word' id='word_1_108' title='bbox 1113 1347 1174 1399; x_wconf 79' lang='grc' dir='ltr'><em>δὲ</em></span> <span class='ocrx_word' id='word_1_109' title='bbox 1205 1349 1393 1415; x_wconf 84' lang='grc' dir='ltr'><em>ἔμελλε</em></span> <span class='ocrx_word' id='word_1_110' title='bbox 1423 1343 1525 1413; x_wconf 77' lang='grc' dir='ltr'><em>μὲν</em></span> <span class='ocrx_word' id='word_1_111' title='bbox 1557 1346 1784 1400; x_wconf 84' lang='grc' dir='ltr'><em>ἀπολεῖν</em></span> <span class='ocrx_word' id='word_1_112' title='bbox 1814 1359 1856 1402; x_wconf 86' lang='lat' dir='ltr'>R</span> <span class='ocrx_word' id='word_1_113' title='bbox 1876 1362 1932 1402; x_wconf 84' lang='lat'><em>94</em></span> 
     </span>
     <span class='ocr_line' id='line_1_15' title="bbox 157 1434 1844 1506; baseline 0 -19"><span class='ocrx_word' id='word_1_114' title='bbox 157 1454 223 1503; x_wconf 92' lang='grc' dir='ltr'><em>με</em></span> <span class='ocrx_word' id='word_1_115' title='bbox 283 1444 463 1497; x_wconf 83' lang='grc' dir='ltr'><em>κακῶς</em></span> <span class='ocrx_word' id='word_1_116' title='bbox 524 1436 686 1503; x_wconf 81' lang='grc' dir='ltr'><em>δίκην</em></span> <span class='ocrx_word' id='word_1_117' title='bbox 748 1435 952 1504; x_wconf 80' lang='grc' dir='ltr'><em>ὀδύνης</em></span> <span class='ocrx_word' id='word_1_118' title='bbox 1013 1438 1400 1506; x_wconf 79' lang='grc' dir='ltr'><em>πραττόμενος,</em></span> <span class='ocrx_word' id='word_1_119' title='bbox 1454 1434 1592 1505; x_wconf 85' lang='grc' dir='ltr'><em>ἀνὴρ</em></span> <span class='ocrx_word' id='word_1_120' title='bbox 1649 1435 1713 1487; x_wconf 79' lang='grc' dir='ltr'><em>δέ</em></span> <span class='ocrx_word' id='word_1_121' title='bbox 1762 1454 1844 1498; x_wconf 90' lang='grc' dir='ltr'><em>τις</em></span> 
     </span>
     <span class='ocr_line' id='line_1_16' title="bbox 158 1523 1908 1596; baseline 0.001 -21"><span class='ocrx_word' id='word_1_122' title='bbox 158 1525 532 1592; x_wconf 79' lang='grc' dir='ltr'><em>Καππαδόκης</em></span> <span class='ocrx_word' id='word_1_123' title='bbox 578 1523 810 1592; x_wconf 84' lang='grc' dir='ltr'><em>ἀγαθός,</em></span> <span class='ocrx_word' id='word_1_124' title='bbox 852 1525 1227 1594; x_wconf 83' lang='grc' dir='ltr'><em>συμφοιτητὴς</em></span> <span class='ocrx_word' id='word_1_125' title='bbox 1273 1523 1425 1593; x_wconf 80' lang='grc' dir='ltr'><em>ἐμός,</em></span> <span class='ocrx_word' id='word_1_126' title='bbox 1471 1523 1598 1594; x_wconf 84' lang='grc' dir='ltr'><em>παρ’</em></span> <span class='ocrx_word' id='word_1_127' title='bbox 1652 1523 1842 1596; x_wconf 76' lang='grc' dir='ltr'><em>ἐκείνῳ</em></span> <span class='ocrx_word' id='word_1_128' title='bbox 1867 1544 1908 1577; x_wconf 88' lang='lat'><em>15</em></span> 
     </span>
     <span class='ocr_line' id='line_1_17' title="bbox 160 1609 1843 1683; baseline 0 -18"><span class='ocrx_word' id='word_1_129' title='bbox 160 1609 220 1665; x_wconf 76' lang='grc' dir='ltr'><em>δὲ</em></span> <span class='ocrx_word' id='word_1_130' title='bbox 262 1612 447 1681; x_wconf 81' lang='grc' dir='ltr'><em>μέγας,</em></span> <span class='ocrx_word' id='word_1_131' title='bbox 500 1611 606 1665; x_wconf 82' lang='grc' dir='ltr'><em>καὶ</em></span> <span class='ocrx_word' id='word_1_132' title='bbox 660 1615 806 1666; x_wconf 86' lang='grc' dir='ltr'><em>τίνα</em></span> <span class='ocrx_word' id='word_1_133' title='bbox 862 1612 939 1666; x_wconf 76' lang='grc' dir='ltr'><em>ἂν</em></span> <span class='ocrx_word' id='word_1_134' title='bbox 992 1615 1189 1683; x_wconf 80' lang='grc' dir='ltr'><em>ἔχοις,</em></span> <span class='ocrx_word' id='word_1_135' title='bbox 1243 1611 1366 1682; x_wconf 80' lang='grc' dir='ltr'><em>ἔφη,</em></span> <span class='ocrx_word' id='word_1_136' title='bbox 1419 1615 1658 1682; x_wconf 82' lang='grc' dir='ltr'><em>ψυχήν,</em></span> <span class='ocrx_word' id='word_1_137' title='bbox 1713 1613 1768 1665; x_wconf 85' lang='grc' dir='ltr'><em>εἰ</em></span> <span class='ocrx_word' id='word_1_138' title='bbox 1814 1611 1843 1665; x_wconf 87' lang='grc' dir='ltr'>ὁ</span> 
     </span>
     <span class='ocr_line' id='line_1_18' title="bbox 158 1698 1845 1771; baseline 0 -17"><span class='ocrx_word' id='word_1_139' title='bbox 158 1698 275 1770; x_wconf 78' lang='grc' dir='ltr'><em>μὲν</em></span> <span class='ocrx_word' id='word_1_140' title='bbox 320 1700 536 1755; x_wconf 85' lang='grc' dir='ltr'><em>κέοιτο</em></span> <span class='ocrx_word' id='word_1_141' title='bbox 584 1701 966 1771; x_wconf 83' lang='grc' dir='ltr'><em>ἀποθανών,</em></span> <span class='ocrx_word' id='word_1_142' title='bbox 1015 1705 1246 1767; x_wconf 82' lang='grc' dir='ltr'><em>ζῶντες</em></span> <span class='ocrx_word' id='word_1_143' title='bbox 1293 1699 1361 1755; x_wconf 75' lang='grc' dir='ltr'><em>δὲ</em></span> <span class='ocrx_word' id='word_1_144' title='bbox 1409 1702 1474 1755; x_wconf 76' lang='lat' dir='ltr'><em>oc</em></span> <span class='ocrx_word' id='word_1_145' title='bbox 1513 1704 1698 1770; x_wconf 91' lang='grc' dir='ltr'><em>λόγοι</em></span> <span class='ocrx_word' id='word_1_146' title='bbox 1736 1720 1845 1754; x_wconf 85' lang='grc' dir='ltr'><em>πε-</em></span> 
     </span>
     <span class='ocr_line' id='line_1_19' title="bbox 160 1789 1844 1862; baseline 0.001 -20"><span class='ocrx_word' id='word_1_147' title='bbox 160 1797 510 1862; x_wconf 79' lang='grc' dir='ltr'><em>ριφοιτῷεν</em></span> <span class='ocrx_word' id='word_1_148' title='bbox 549 1792 663 1859; x_wconf 83' lang='grc' dir='ltr'><em>τὴν</em></span> <span class='ocrx_word' id='word_1_149' title='bbox 701 1799 821 1859; x_wconf 79' lang='grc' dir='ltr'><em>γῆν</em></span> <span class='ocrx_word' id='word_1_150' title='bbox 853 1792 913 1844; x_wconf 83' lang='grc' dir='ltr'><em>οἱ</em></span> <span class='ocrx_word' id='word_1_151' title='bbox 952 1789 1052 1843; x_wconf 85' lang='grc' dir='ltr'><em>ὑπ’</em></span> <span class='ocrx_word' id='word_1_152' title='bbox 1099 1790 1358 1844; x_wconf 81' lang='grc' dir='ltr'><em>ἐκείνου</em></span> <span class='ocrx_word' id='word_1_153' title='bbox 1397 1789 1546 1861; x_wconf 85' lang='grc' dir='ltr'><em>περὶ</em></span> <span class='ocrx_word' id='word_1_154' title='bbox 1583 1798 1694 1859; x_wconf 84' lang='grc' dir='ltr'><em>τῆς</em></span> <span class='ocrx_word' id='word_1_155' title='bbox 1733 1798 1844 1859; x_wconf 83' lang='grc' dir='ltr'><em>σῆς</em></span> 
     </span>
     <span class='ocr_line' id='line_1_20' title="bbox 159 1876 1843 1949; baseline 0.001 -19"><span class='ocrx_word' id='word_1_156' title='bbox 159 1878 597 1948; x_wconf 85' lang='grc' dir='ltr'><em>γεγραμμένοι</em></span> <span class='ocrx_word' id='word_1_157' title='bbox 644 1880 923 1948; x_wconf 84' lang='grc' dir='ltr'><em>φύσεως;</em></span> <span class='ocrx_word' id='word_1_158' title='bbox 977 1887 1240 1932; x_wconf 87' lang='grc' dir='ltr'><em>τοσαῦται</em></span> <span class='ocrx_word' id='word_1_159' title='bbox 1286 1876 1388 1948; x_wconf 74' lang='grc' dir='ltr'><em>μὲν</em></span> <span class='ocrx_word' id='word_1_160' title='bbox 1439 1880 1494 1932; x_wconf 80' lang='grc' dir='ltr'><em>αἱ</em></span> <span class='ocrx_word' id='word_1_161' title='bbox 1546 1881 1843 1949; x_wconf 87' lang='grc' dir='ltr'><em>τρικυμίαι,</em></span> 
     </span>
     <span class='ocr_line' id='line_1_21' title="bbox 159 1964 1912 2037; baseline 0.001 -18"><span class='ocrx_word' id='word_1_162' title='bbox 159 1974 418 2020; x_wconf 90' lang='grc' dir='ltr'><em>τοσαῦται</em></span> <span class='ocrx_word' id='word_1_163' title='bbox 460 1964 519 2020; x_wconf 75' lang='grc' dir='ltr'><em>δὲ</em></span> <span class='ocrx_word' id='word_1_164' title='bbox 560 1969 615 2020; x_wconf 79' lang='grc' dir='ltr'><em>αἱ</em></span> <span class='ocrx_word' id='word_1_165' title='bbox 655 1967 878 2037; x_wconf 86' lang='grc' dir='ltr'><em>ἀρωγαί.</em></span> <span class='ocrx_word' id='word_1_166' title='bbox 1869 1989 1912 2020; x_wconf 76' lang='lat'><em>20</em></span> 
     </span>
     <span class='ocr_line' id='line_1_22' title="bbox 274 2053 1840 2126; baseline 0.001 -19"><span class='ocrx_word' id='word_1_167' title='bbox 274 2055 394 2108; x_wconf 87' lang='lat'>139.</span> <span class='ocrx_word' id='word_1_168' title='bbox 449 2057 526 2108; x_wconf 84' lang='grc' dir='ltr'><em>Τὰ</em></span> <span class='ocrx_word' id='word_1_169' title='bbox 573 2053 633 2108; x_wconf 77' lang='grc' dir='ltr'><em>δὲ</em></span> <span class='ocrx_word' id='word_1_170' title='bbox 682 2055 770 2109; x_wconf 83' lang='grc' dir='ltr'><em>ἐπὶ</em></span> <span class='ocrx_word' id='word_1_171' title='bbox 809 2057 1026 2119; x_wconf 82' lang='grc' dir='ltr'><em>τούτοις</em></span> <span class='ocrx_word' id='word_1_172' title='bbox 1063 2053 1133 2125; x_wconf 79' lang='grc' dir='ltr'><em>ἦν</em></span> <span class='ocrx_word' id='word_1_173' title='bbox 1171 2054 1273 2124; x_wconf 77' lang='grc' dir='ltr'><em>μὲν</em></span> <span class='ocrx_word' id='word_1_174' title='bbox 1304 2055 1572 2126; x_wconf 91' lang='grc' dir='ltr'><em>Ὀλύμπια</em></span> <span class='ocrx_word' id='word_1_175' title='bbox 1608 2058 1674 2109; x_wconf 82' lang='grc' dir='ltr'><em>τὰ</em></span> <span class='ocrx_word' id='word_1_176' title='bbox 1711 2055 1840 2126; x_wconf 81' lang='grc' dir='ltr'><em>παρ’</em></span> 
     </span>
     <span class='ocr_line' id='line_1_23' title="bbox 159 2141 1845 2215; baseline 0.001 -19"><span class='ocrx_word' id='word_1_177' title='bbox 159 2144 307 2213; x_wconf 82' lang='grc' dir='ltr'><em>ἡμῖν,</em></span> <span class='ocrx_word' id='word_1_178' title='bbox 347 2142 466 2207; x_wconf 79' lang='grc' dir='ltr'><em>ἔτος</em></span> <span class='ocrx_word' id='word_1_179' title='bbox 505 2141 565 2197; x_wconf 74' lang='grc' dir='ltr'><em>δὲ</em></span> <span class='ocrx_word' id='word_1_180' title='bbox 605 2143 726 2212; x_wconf 77' lang='grc' dir='ltr'><em>ἐμοὶ</em></span> <span class='ocrx_word' id='word_1_181' title='bbox 758 2148 1129 2214; x_wconf 89' lang='grc' dir='ltr'><em>πεντηκοστόν</em></span> <span class='ocrx_word' id='word_1_182' title='bbox 1160 2144 1429 2215; x_wconf 80' lang='grc' dir='ltr'><em>ἐπιθυμία</em></span> <span class='ocrx_word' id='word_1_183' title='bbox 1459 2165 1517 2199; x_wconf 94' lang='grc' dir='ltr'><em>τε</em></span> <span class='ocrx_word' id='word_1_184' title='bbox 1548 2154 1644 2214; x_wconf 82' lang='grc' dir='ltr'><em>τῆς</em></span> <span class='ocrx_word' id='word_1_185' title='bbox 1673 2164 1845 2214; x_wconf 88' lang='grc' dir='ltr'><em>πανη-</em></span> 
     </span>
     <span class='ocr_line' id='line_1_24' title="bbox 159 2231 1845 2304; baseline 0.001 -19"><span class='ocrx_word' id='word_1_186' title='bbox 159 2234 369 2302; x_wconf 88' lang='grc' dir='ltr'><em>γύρεως</em></span> <span class='ocrx_word' id='word_1_187' title='bbox 415 2233 725 2303; x_wconf 83' lang='grc' dir='ltr'><em>ὑπερφυής·</em></span> <span class='ocrx_word' id='word_1_188' title='bbox 773 2235 1099 2302; x_wconf 82' lang='grc' dir='ltr'><em>παρακύψας</em></span> <span class='ocrx_word' id='word_1_189' title='bbox 1153 2231 1214 2287; x_wconf 70' lang='grc' dir='ltr'><em>δὲ</em></span> <span class='ocrx_word' id='word_1_190' title='bbox 1269 2233 1357 2287; x_wconf 84' lang='grc' dir='ltr'><em>ἐπὶ</em></span> <span class='ocrx_word' id='word_1_191' title='bbox 1404 2236 1470 2287; x_wconf 77' lang='grc' dir='ltr'><em>τὰ</em></span> <span class='ocrx_word' id='word_1_192' title='bbox 1518 2244 1706 2304; x_wconf 84' lang='grc' dir='ltr'><em>πρῶτα</em></span> <span class='ocrx_word' id='word_1_193' title='bbox 1749 2242 1845 2302; x_wconf 82' lang='grc' dir='ltr'><em>τῆς</em></span> 
     </span>
     <span class='ocr_line' id='line_1_25' title="bbox 161 2318 1844 2393; baseline 0 -19"><span class='ocrx_word' id='word_1_194' title='bbox 161 2320 352 2390; x_wconf 83' lang='grc' dir='ltr'><em>ἑορτῆς</em></span> <span class='ocrx_word' id='word_1_195' title='bbox 405 2323 684 2391; x_wconf 84' lang='grc' dir='ltr'><em>δεσμώτης</em></span> <span class='ocrx_word' id='word_1_196' title='bbox 737 2318 823 2391; x_wconf 76' lang='grc' dir='ltr'><em>ἦν,</em></span> <span class='ocrx_word' id='word_1_197' title='bbox 879 2323 980 2375; x_wconf 85' lang='grc' dir='ltr'><em>οὐκ</em></span> <span class='ocrx_word' id='word_1_198' title='bbox 1034 2323 1298 2392; x_wconf 78' lang='grc' dir='ltr'><em>ἄρχοντος</em></span> <span class='ocrx_word' id='word_1_199' title='bbox 1353 2325 1646 2393; x_wconf 82' lang='grc' dir='ltr'><em>δήσαντος,</em></span> <span class='ocrx_word' id='word_1_200' title='bbox 1707 2322 1844 2375; x_wconf 82' lang='grc' dir='ltr'><em>ἀλλὰ</em></span> 
     </span>
    </p>
   </div>
   <div class='ocr_carea' id='block_1_3' title="bbox 161 2419 515 2425">
    <p class='ocr_par' dir='ltr' id='par_1_3' title="bbox 161 2419 515 2425">
     <span class='ocr_line' id='line_1_26' title="bbox 161 2419 515 2425; baseline 0 0"><span class='ocrx_word' id='word_1_201' title='bbox 161 2419 515 2425; x_wconf 95' lang='lat' dir='ltr'><em> </em></span> 
     </span>
    </p>
   </div>
   <div class='ocr_carea' id='block_1_4' title="bbox 277 2464 1849 2525">
    <p class='ocr_par' dir='ltr' id='par_1_4' title="bbox 277 2464 1849 2525">
     <span class='ocr_line' id='line_1_27' title="bbox 277 2464 1849 2525; baseline 0.001 -16"><span class='ocrx_word' id='word_1_202' title='bbox 277 2471 303 2509; x_wconf 92' lang='grc'><strong>3</strong></span> <span class='ocrx_word' id='word_1_203' title='bbox 330 2480 400 2523; x_wconf 80' lang='lat' dir='ltr'><em>ep.</em></span> <span class='ocrx_word' id='word_1_204' title='bbox 414 2471 527 2511; x_wconf 89' lang='grc'>1186</span> <span class='ocrx_word' id='word_1_205' title='bbox 603 2472 657 2511; x_wconf 86' lang='grc'><em>14</em></span> <span class='ocrx_word' id='word_1_206' title='bbox 673 2468 1038 2511; x_wconf 76' lang='lat' dir='ltr'>Fortunatianus</span> <span class='ocrx_word' id='word_1_207' title='bbox 1056 2470 1142 2525; x_wconf 85' lang='lat' dir='ltr'>(ep.</span> <span class='ocrx_word' id='word_1_208' title='bbox 1158 2472 1284 2513; x_wconf 81' lang='lat'>1147.</span> <span class='ocrx_word' id='word_1_209' title='bbox 1305 2481 1367 2512; x_wconf 87' lang='lat' dir='ltr'><em>or.</em></span> <span class='ocrx_word' id='word_1_210' title='bbox 1377 2468 1483 2512; x_wconf 82' lang='lat' dir='ltr'><em>XIV</em></span> <span class='ocrx_word' id='word_1_211' title='bbox 1494 2469 1559 2512; x_wconf 77' lang='lat' dir='ltr'><em>t.1</em></span> <span class='ocrx_word' id='word_1_212' title='bbox 1574 2472 1730 2524; x_wconf 83' lang='lat' dir='ltr'>p.428‚</span> <span class='ocrx_word' id='word_1_213' title='bbox 1744 2464 1849 2524; x_wconf 42' lang='grc' dir='ltr'><em>12)Ῥμ</em></span> 
     </span>
    </p>
   </div>
   <div class='ocr_carea' id='block_1_5' title="bbox 159 2552 512 2558">
    <p class='ocr_par' dir='ltr' id='par_1_5' title="bbox 159 2552 512 2558">
     <span class='ocr_line' id='line_1_28' title="bbox 159 2552 512 2558; baseline 0 0"><span class='ocrx_word' id='word_1_214' title='bbox 159 2552 512 2558; x_wconf 95' lang='lat' dir='ltr'><em> </em></span> 
     </span>
    </p>
   </div>
   <div class='ocr_carea' id='block_1_6' title="bbox 161 2597 1846 3011">
    <p class='ocr_par' dir='ltr' id='par_1_6' title="bbox 161 2597 1846 3011">
     <span class='ocr_line' id='line_1_29' title="bbox 281 2597 1843 2659; baseline -0.001 -15"><span class='ocrx_word' id='word_1_215' title='bbox 281 2604 303 2643; x_wconf 90' lang='lat'>1</span> <span class='ocrx_word' id='word_1_216' title='bbox 338 2597 385 2645; x_wconf 79' lang='grc' dir='ltr'><em>δ’</em></span> <span class='ocrx_word' id='word_1_217' title='bbox 407 2601 451 2644; x_wconf 92' lang='lat' dir='ltr'><strong><em>V</em></strong></span> <span class='ocrx_word' id='word_1_218' title='bbox 566 2605 591 2644; x_wconf 84' lang='lat'>2</span> <span class='ocrx_word' id='word_1_219' title='bbox 623 2601 709 2644; x_wconf 82' lang='grc' dir='ltr'><em>οὐκ</em></span> <span class='ocrx_word' id='word_1_220' title='bbox 741 2615 816 2644; x_wconf 91' lang='lat' dir='ltr'><em>om</em></span> <span class='ocrx_word' id='word_1_221' title='bbox 848 2602 891 2645; x_wconf 90' lang='lat' dir='ltr'><strong><em>L</em></strong></span> <span class='ocrx_word' id='word_1_222' title='bbox 920 2602 924 2659; x_wconf 93' lang='grc' dir='ltr'>Ι</span> <span class='ocrx_word' id='word_1_223' title='bbox 962 2601 1016 2644; x_wconf 84' lang='grc' dir='ltr'><em>οὐ</em></span> <span class='ocrx_word' id='word_1_224' title='bbox 1048 2600 1286 2646; x_wconf 79' lang='grc' dir='ltr'><em>θελόντων</em></span> <span class='ocrx_word' id='word_1_225' title='bbox 1311 2602 1354 2644; x_wconf 90' lang='lat' dir='ltr'><em>V</em></span> <span class='ocrx_word' id='word_1_226' title='bbox 1469 2607 1495 2645; x_wconf 80' lang='grc' dir='ltr'>ὅ</span> <span class='ocrx_word' id='word_1_227' title='bbox 1527 2601 1579 2646; x_wconf 77' lang='grc' dir='ltr'><em>δὲ</em></span> <span class='ocrx_word' id='word_1_228' title='bbox 1610 2601 1742 2644; x_wconf 83' lang='lat' dir='ltr'>uncis</span> <span class='ocrx_word' id='word_1_229' title='bbox 1772 2600 1843 2643; x_wconf 86' lang='lat' dir='ltr'><em>in-</em></span> 
     </span>
     <span class='ocr_line' id='line_1_30' title="bbox 162 2657 1843 2717; baseline 0.001 -17"><span class='ocrx_word' id='word_1_230' title='bbox 162 2657 278 2702; x_wconf 84' lang='lat' dir='ltr'>clusi</span> <span class='ocrx_word' id='word_1_231' title='bbox 398 2664 423 2703; x_wconf 89' lang='lat'><strong>6</strong></span> <span class='ocrx_word' id='word_1_232' title='bbox 454 2659 512 2702; x_wconf 82' lang='grc' dir='ltr'><em>τὰ</em></span> <span class='ocrx_word' id='word_1_233' title='bbox 544 2660 663 2703; x_wconf 82' lang='grc' dir='ltr'><em>αὐτὰ</em></span> <span class='ocrx_word' id='word_1_234' title='bbox 695 2660 858 2716; x_wconf 79' lang='lat' dir='ltr'>scripsi</span> <span class='ocrx_word' id='word_1_235' title='bbox 891 2674 916 2703; x_wconf 84' lang='lat' dir='ltr'>e</span> <span class='ocrx_word' id='word_1_236' title='bbox 947 2659 1079 2702; x_wconf 88' lang='lat' dir='ltr'>libris</span> <span class='ocrx_word' id='word_1_237' title='bbox 1104 2662 1295 2717; x_wconf 75' lang='lat' dir='ltr'>excepto</span> <span class='ocrx_word' id='word_1_238' title='bbox 1319 2661 1364 2704; x_wconf 90' lang='lat' dir='ltr'><strong><em>L</em></strong></span> <span class='ocrx_word' id='word_1_239' title='bbox 1396 2660 1478 2717; x_wconf 89' lang='lat' dir='ltr'><em>qui</em></span> <span class='ocrx_word' id='word_1_240' title='bbox 1508 2660 1652 2704; x_wconf 72' lang='lat' dir='ltr'><strong>habet</strong></span> <span class='ocrx_word' id='word_1_241' title='bbox 1680 2666 1843 2711; x_wconf 83' lang='grc' dir='ltr'><em>ταῦτα,</em></span> 
     </span>
     <span class='ocr_line' id='line_1_31' title="bbox 162 2716 1840 2777; baseline 0.001 -18"><span class='ocrx_word' id='word_1_242' title='bbox 162 2718 210 2759; x_wconf 74' lang='lat' dir='ltr'><em>et</em></span> <span class='ocrx_word' id='word_1_243' title='bbox 239 2717 349 2760; x_wconf 84' lang='lat' dir='ltr'><strong>Fen·</strong></span> <span class='ocrx_word' id='word_1_244' title='bbox 415 2720 562 2762; x_wconf 81' lang='grc' dir='ltr'><em>ταύτὰ</em></span> <span class='ocrx_word' id='word_1_245' title='bbox 593 2719 661 2763; x_wconf 83' lang='lat' dir='ltr'><em>Re</em></span> <span class='ocrx_word' id='word_1_246' title='bbox 732 2718 790 2762; x_wconf 82' lang='grc' dir='ltr'><em>τὰ</em></span> <span class='ocrx_word' id='word_1_247' title='bbox 820 2726 1015 2762; x_wconf 86' lang='grc' dir='ltr'><em>τοιαῦτα</em></span> <span class='ocrx_word' id='word_1_248' title='bbox 1045 2719 1157 2762; x_wconf 85' lang='lat' dir='ltr'>Fen·</span> <span class='ocrx_word' id='word_1_249' title='bbox 1186 2719 1235 2762; x_wconf 89' lang='lat' dir='ltr'><em>in</em></span> <span class='ocrx_word' id='word_1_250' title='bbox 1265 2733 1400 2777; x_wconf 79' lang='lat' dir='ltr'>marg</span> <span class='ocrx_word' id='word_1_251' title='bbox 1423 2720 1524 2763; x_wconf 89' lang='lat' dir='ltr'><em>Mor</em></span> <span class='ocrx_word' id='word_1_252' title='bbox 1644 2724 1670 2762; x_wconf 93' lang='grc'>8</span> <span class='ocrx_word' id='word_1_253' title='bbox 1701 2719 1781 2762; x_wconf 82' lang='grc' dir='ltr'><em>καὶ</em></span> <span class='ocrx_word' id='word_1_254' title='bbox 1812 2716 1840 2773; x_wconf 82' lang='grc' dir='ltr'>ἢ</span> 
     </span>
     <span class='ocr_line' id='line_1_32' title="bbox 161 2774 1846 2836; baseline 0.002 -17"><span class='ocrx_word' id='word_1_255' title='bbox 161 2801 219 2807; x_wconf 89' lang='grc'>-</span> <span class='ocrx_word' id='word_1_256' title='bbox 251 2780 275 2819; x_wconf 88' lang='grc'><strong>9</strong></span> <span class='ocrx_word' id='word_1_257' title='bbox 309 2774 459 2836; x_wconf 86' lang='grc' dir='ltr'><em>φόβον</em></span> <span class='ocrx_word' id='word_1_258' title='bbox 492 2778 608 2821; x_wconf 68' lang='lat' dir='ltr'>citat</span> <span class='ocrx_word' id='word_1_259' title='bbox 638 2777 798 2821; x_wconf 93' lang='lat' dir='ltr'><strong>Thom.</strong></span> <span class='ocrx_word' id='word_1_260' title='bbox 828 2778 888 2821; x_wconf 90' lang='lat' dir='ltr'><em>M.</em></span> <span class='ocrx_word' id='word_1_261' title='bbox 923 2792 956 2821; x_wconf 78' lang='lat' dir='ltr'><em>s,</em></span> <span class='ocrx_word' id='word_1_262' title='bbox 981 2793 1020 2821; x_wconf 88' lang='lat' dir='ltr'><em>v.</em></span> <span class='ocrx_word' id='word_1_263' title='bbox 1048 2777 1304 2835; x_wconf 79' lang='grc' dir='ltr'><em>ἑρευνῶμαι</em></span> <span class='ocrx_word' id='word_1_264' title='bbox 1334 2793 1379 2835; x_wconf 91' lang='lat' dir='ltr'><em>p.</em></span> <span class='ocrx_word' id='word_1_265' title='bbox 1408 2783 1504 2831; x_wconf 85' lang='grc'><em>160,</em></span> <span class='ocrx_word' id='word_1_266' title='bbox 1533 2783 1588 2822; x_wconf 93' lang='grc'><em>10</em></span> <span class='ocrx_word' id='word_1_267' title='bbox 1616 2780 1622 2834; x_wconf 83' lang='grc' dir='ltr'>Ι</span> <span class='ocrx_word' id='word_1_268' title='bbox 1656 2778 1684 2834; x_wconf 86' lang='grc' dir='ltr'>ἡ</span> <span class='ocrx_word' id='word_1_269' title='bbox 1716 2778 1846 2822; x_wconf 81' lang='lat' dir='ltr'><em>AGP</em></span> 
     </span>
     <span class='ocr_line' id='line_1_33' title="bbox 162 2833 1844 2895; baseline 0.001 -19"><span class='ocrx_word' id='word_1_270' title='bbox 162 2833 263 2877; x_wconf 87' lang='lat' dir='ltr'><em>Mor</em></span> <span class='ocrx_word' id='word_1_271' title='bbox 291 2834 360 2878; x_wconf 75' lang='lat' dir='ltr'><em>Re</em></span> <span class='ocrx_word' id='word_1_272' title='bbox 481 2841 536 2879; x_wconf 91' lang='lat'><em>10</em></span> <span class='ocrx_word' id='word_1_273' title='bbox 568 2835 729 2892; x_wconf 87' lang='grc' dir='ltr'><em>μίσους</em></span> <span class='ocrx_word' id='word_1_274' title='bbox 758 2838 816 2892; x_wconf 85' lang='lat' dir='ltr'><em>L,</em></span> <span class='ocrx_word' id='word_1_275' title='bbox 848 2854 903 2894; x_wconf 76' lang='grc' dir='ltr'><em>γρ</em></span> <span class='ocrx_word' id='word_1_276' title='bbox 934 2837 1036 2880; x_wconf 90' lang='lat' dir='ltr'><em>Mor</em></span> <span class='ocrx_word' id='word_1_277' title='bbox 1058 2837 1108 2879; x_wconf 89' lang='lat' dir='ltr'><em>in</em></span> <span class='ocrx_word' id='word_1_278' title='bbox 1131 2851 1264 2894; x_wconf 82' lang='lat' dir='ltr'>marg</span> <span class='ocrx_word' id='word_1_279' title='bbox 1357 2842 1410 2881; x_wconf 88' lang='grc'><em>16</em></span> <span class='ocrx_word' id='word_1_280' title='bbox 1440 2836 1729 2895; x_wconf 81' lang='grc' dir='ltr'><em>παραψυχὴν</em></span> <span class='ocrx_word' id='word_1_281' title='bbox 1761 2837 1844 2878; x_wconf 71' lang='lat' dir='ltr'><em>auf,</em></span> 
     </span>
     <span class='ocr_line' id='line_1_34' title="bbox 162 2893 1841 2953; baseline 0.001 -17"><span class='ocrx_word' id='word_1_282' title='bbox 162 2893 414 2952; x_wconf 81' lang='grc' dir='ltr'><em>ἀναψυχήν</em></span> <span class='ocrx_word' id='word_1_283' title='bbox 437 2893 593 2938; x_wconf 79' lang='lat' dir='ltr'>Gasda</span> <span class='ocrx_word' id='word_1_284' title='bbox 708 2900 762 2939; x_wconf 86' lang='lat'><em>18</em></span> <span class='ocrx_word' id='word_1_285' title='bbox 795 2903 994 2951; x_wconf 89' lang='grc' dir='ltr'><em>φοιτῶεν</em></span> <span class='ocrx_word' id='word_1_286' title='bbox 1025 2898 1069 2940; x_wconf 84' lang='grc' dir='ltr'><strong><em>Α</em></strong></span> <span class='ocrx_word' id='word_1_287' title='bbox 1097 2897 1102 2952; x_wconf 80' lang='grc' dir='ltr'>Ι</span> <span class='ocrx_word' id='word_1_288' title='bbox 1136 2895 1220 2952; x_wconf 85' lang='grc' dir='ltr'><em>τὴν</em></span> <span class='ocrx_word' id='word_1_289' title='bbox 1250 2903 1336 2953; x_wconf 85' lang='grc' dir='ltr'><em>γῆν</em></span> <span class='ocrx_word' id='word_1_290' title='bbox 1367 2896 1541 2940; x_wconf 85' lang='lat' dir='ltr'>inserui</span> <span class='ocrx_word' id='word_1_291' title='bbox 1574 2909 1598 2939; x_wconf 84' lang='lat' dir='ltr'>e</span> <span class='ocrx_word' id='word_1_292' title='bbox 1625 2896 1706 2940; x_wconf 88' lang='lat' dir='ltr'><em>VL</em></span> <span class='ocrx_word' id='word_1_293' title='bbox 1768 2908 1841 2938; x_wconf 90' lang='lat' dir='ltr'><em>om</em></span> 
     </span>
     <span class='ocr_line' id='line_1_35' title="bbox 161 2952 1478 3011; baseline 0.001 -15"><span class='ocrx_word' id='word_1_294' title='bbox 161 2952 344 2997; x_wconf 78' lang='lat' dir='ltr'><strong><em>AGPB</em></strong></span> <span class='ocrx_word' id='word_1_295' title='bbox 374 2953 464 2997; x_wconf 82' lang='lat' dir='ltr'><em>edd</em></span> <span class='ocrx_word' id='word_1_296' title='bbox 499 2957 505 3011; x_wconf 80' lang='grc' dir='ltr'>Ι</span> <span class='ocrx_word' id='word_1_297' title='bbox 548 2952 628 2998; x_wconf 83' lang='grc' dir='ltr'><em>ὑπ’</em></span> <span class='ocrx_word' id='word_1_298' title='bbox 658 2954 823 3011; x_wconf 82' lang='lat' dir='ltr'>scripsi</span> <span class='ocrx_word' id='word_1_299' title='bbox 855 2967 880 2997; x_wconf 87' lang='lat' dir='ltr'>e</span> <span class='ocrx_word' id='word_1_300' title='bbox 905 2955 987 2998; x_wconf 89' lang='lat' dir='ltr'><em>VL</em></span> <span class='ocrx_word' id='word_1_301' title='bbox 1060 2952 1145 2999; x_wconf 85' lang='grc' dir='ltr'><em>ἀπ’</em></span> <span class='ocrx_word' id='word_1_302' title='bbox 1174 2956 1355 3000; x_wconf 84' lang='lat' dir='ltr'><strong><em>ACPB</em></strong></span> <span class='ocrx_word' id='word_1_303' title='bbox 1388 2955 1478 2999; x_wconf 87' lang='lat' dir='ltr'><em>edd</em></span> 
     </span>
    </p>
   </div>
  </div>
 </body>
</html>
