2026 3168
168 130 277 183 200
706 131 933 175 LLBANH
964 129 1305 174 ORATIONES

168 275 350 320 νῶντα
389 269 846 336 συκοφαντήσειν,
885 274 1082 334 πεινῆν
1119 275 1309 319 ποιῶν.
1370 263 1466 336 ἧκε
1506 266 1554 320 δ’
1592 268 1625 336 ἡ
1656 268 1853 337 <δίκη>

170 356 316 426 παρὰ
375 365 487 408 τῶν
546 361 697 408 θεῶν
747 355 940 423 πάλιν,
993 355 1083 407 καὶ
1146 355 1248 407 οὐκ
1301 354 1667 426 ἀπερρίμμην,
1729 355 1845 409 ἀλλ’

79 458 124 501 R
149 461 233 500 163
265 444 669 512 ἀπεδεικνύμην
722 444 801 496 ὢν
855 443 1040 505 αὐτοῖς
1075 443 1080 511 Ι
1115 441 1178 495 ἐν
1232 442 1518 515 ἐπιμελείᾳ.
1609 445 1732 498 274.
1793 446 1854 498 τὸ

171 535 276 603 γὰρ
317 535 508 594 σκότος
547 532 844 600 ἀφελόντες
881 550 997 594 πως
1035 540 1130 600 τῆς
1169 532 1508 600 δωροδοκίας
1544 532 1638 586 ὑπ’
1684 534 1856 602 αὐγὰς

127 643 147 676 5
170 625 382 691 ἤγαγον
419 623 519 690 τὴν
558 622 917 691 μισθαρνίαν,
957 622 1183 691 χρυσόν,
1216 622 1479 690 ἄργυρον,
1512 621 1736 690 ἐσθῆτα·
1777 617 1856 674 ὧν

170 712 236 764 τὰ
281 708 382 778 μὲν
429 711 506 772 εἰς
551 718 738 779 χεῖρας
785 706 952 772 αὖθις
989 706 1087 778 ἧκε
1124 718 1236 762 τῶν
1273 709 1856 780 παρακεκρουσμένων,

172 801 239 853 οὐ
280 800 498 870 ῥᾳδίως,
539 798 676 851 ἀλλά
714 801 817 868 βοῇ
855 818 913 851 τε
951 797 1044 851 καὶ
1083 798 1347 867 ἀπειλαῖς,
1383 800 1448 851 τὰ
1480 796 1527 851 δ’
1567 795 1741 868 ἦλθεν
1781 800 1857 862 εἰς

181 889 379 958 Τύρον,
418 884 551 956 ἦδος
588 893 662 959 τῷ
695 886 1018 959 κεκτημένῳ.
1082 887 1109 941 ὁ
1152 886 1198 940 δ’
1246 883 1439 955 ἦλθεν,
1472 888 1545 950 ὡς
1575 886 1858 957 ἀναψυχῆς

173 977 373 1029 αὐτόθι
419 974 757 1044 τευξόμενος,
805 978 1103 1043 γενόμενος
1149 973 1210 1029 δὲ
1256 976 1363 1029 ὑπὸ
1411 985 1565 1046 χεῖρα
1620 978 1856 1046 Τυρίοις,

106 1086 149 1118 10
172 1067 303 1127 τοὺς
340 1067 538 1126 λίθους
577 1066 735 1133 μόλις
775 1065 1084 1132 διαφυγών,
1123 1067 1343 1126 κλείσας
1381 1066 1476 1127 τὰς
1513 1065 1695 1135 θύρας
1737 1063 1858 1118 ε’πο-

173 1157 460 1224 λιορκεῖτο,
493 1155 729 1224 χρήμασι
763 1154 823 1206 δὲ
855 1154 1056 1216 αὐτοὺς
1090 1153 1379 1217 διαλλάξας
1409 1155 1510 1222 τὴν
1537 1157 1864 1224 πολιορκίαν

172 1241 350 1311 ἔλυσε,
396 1244 492 1306 τὰς
537 1243 715 1313 ὀφρῦς
765 1241 976 1305 ἐκείνας
1020 1244 1376 1311 κατενεγκών.
1453 1241 1644 1296 ἐδίδου
1692 1240 1752 1296 δὲ
1798 1241 1860 1296 ἐν

183 1332 340 1404 Τύρῳ
373 1333 531 1403 Τύρῳ
563 1352 620 1384 τε
653 1331 789 1401 αὐτῇ
823 1333 985 1399 δίκην
1015 1330 1103 1384 καὶ
1134 1329 1300 1402 Ἑρμῇ
1333 1341 1444 1384 τῶν
1475 1335 1678 1399 λογίων
1708 1338 1860 1385 θεῶν

172 1427 343 1473 ταῦτα
382 1422 844 1489 πρυτανευόντων
884 1420 1072 1488 [ἄγαν]
1117 1419 1578 1487 ἀγανακτούντων
1614 1428 1678 1490 τῇ
1725 1421 1859 1473 κατὰ

109 1529 151 1563 15
175 1519 286 1562 τῶν
326 1511 506 1578 λόγων
544 1509 721 1578 ὕβρει,
760 1511 947 1571 καλοῖς
985 1510 1226 1578 αἰσχρῶν
1263 1507 1606 1575 ἐπιθεμένων
1637 1510 1729 1562 διὰ
1760 1510 1860 1578 τὴν

173 1599 338 1651 τοῦδε
375 1598 685 1667 παροινίαν.

287 1685 409 1738 275.
456 1684 577 1738 ’Έτι
632 1682 693 1737 δὲ
746 1686 910 1738 τοῦδε
966 1686 1231 1755 ἄρχοντος
1275 1684 1567 1754 Ὀλύμπιος
1618 1689 1859 1756 τελευτᾷ,

175 1775 322 1828 πάνυ
353 1771 455 1841 μὲν
488 1776 648 1841 φίλος
681 1767 823 1826 εἶναι
849 1775 1047 1842 δοκῶν,
1074 1775 1165 1826 διὰ
1196 1775 1399 1836 παντὸς
1433 1771 1493 1826 δὲ
1524 1782 1622 1827 τοῦ
1654 1776 1860 1844 χρόνου

85 1877 129 1920 R
155 1880 238 1919 164
271 1870 533 1931 γονεῦσιν
558 1861 908 1915 ἀκολουθῶν·
933 1861 1047 1915 ἐπεὶ
1073 1862 1325 1925 κάκεῖνος
1348 1872 1459 1915 τῶν
1485 1863 1629 1930 ε’μῶν
1656 1862 1660 1932 Ι
1693 1863 1861 1933 ἁμαρ-

109 1973 153 2006 20
176 1953 287 2004 τὼν
327 1948 388 2004 δὲ
428 1951 528 2004 οὐκ
567 1947 676 2003 οἷδ’
722 1951 871 2014 ὅπως
909 1959 972 2021 τῇ
1012 1960 1157 2022 τιμῇ,
1205 1952 1408 2021 γράφει
1447 1951 1547 2018 μὲν
1586 1953 1688 2021 γὰρ
1736 1955 1861 2020 κλη-

297 2131 351 2168 14
382 2125 511 2168 Dem.
547 2126 604 2169 de
636 2126 783 2170 Rhod.
816 2126 896 2169 lib.
932 2131 956 2179 ς
982 2131 1007 2169 3
1039 2142 1083 2182 p.
1113 2131 1210 2180 191,
1239 2131 1291 2169 15
1415 2130 1469 2169 20
1505 2139 1574 2182 ep.
1602 2131 1685 2170 971

300 2293 321 2331 1
357 2286 402 2332 δ’
431 2288 477 2345 ἡ]
513 2288 571 2345 δὴ
597 2289 639 2331 L
668 2294 672 2342 Ι
702 2286 807 2345 δίκη
832 2288 1007 2332 inserui
1099 2293 1122 2331 2
1149 2287 1307 2345 πάλιν]
1339 2287 1461 2344 πάλη
1486 2288 1596 2331 Fen
1619 2288 1720 2332 Mor
1771 2303 1861 2331 πα-

179 2346 295 2403 λάμη
321 2348 389 2391 Re
413 2347 552 2390 Anim
651 2351 675 2390 3
710 2348 1044 2422 ἐπεδεικνύμην
1077 2349 1120 2391 L
1219 2352 1245 2390 4
1277 2363 1374 2399 πως
1406 2361 1480 2390 0111
1511 2348 1554 2391 L
1655 2352 1678 2389 7
1713 2340 1861 2402 ἦλθον

183 2407 307 2451 CPB
339 2406 448 2450 Ferr
479 2407 580 2450 Mor
730 2402 807 2450 8³
840 2406 888 2449 in
920 2402 1032 2463 ἦδος
1070 2407 1119 2450 111
1155 2420 1232 2449 ras
1266 2407 1330 2449 Ρ8
1418 2402 1531 2459 ἦδος
1565 2406 1649 2450 CL
1680 2406 1781 2449 Mor

183 2469 234 2508 11
271 2464 322 2508 δὲ
354 2465 517 2540 scripsi
585 2480 632 2509 τε
663 2465 773 2509 libri
804 2465 895 2509 edd
923 2467 928 2522 Ι
965 2466 1134 2515 αὐτοὺς
1165 2465 1328 2521 scripsi
1361 2467 1548 2508 auctore
1579 2465 1646 2507 Re
1719 2465 1861 2508 αὑτοῦ

184 2524 271 2568 CV
297 2525 344 2566 et
374 2524 422 2566 in
455 2525 577 2567 αὑτῶ
611 2538 711 2567 corr
735 2524 799 2567 P2
862 2526 984 2568 αὑτῶ
1018 2527 1062 2568 Β
1125 2525 1266 2568 αυτοῦ
1299 2526 1342 2568 L
1375 2523 1465 2566 edd
1595 2527 1647 2565 12
1682 2521 1862 2567 ἐκείνου

191 2583 273 2626 VL
380 2588 434 2625 13
468 2581 574 2638 δίκη
607 2584 650 2627 L
758 2588 812 2626 14
844 2583 965 2658 ἄγαν
997 2583 1251 2627 cancellavi
1283 2584 1492 2626 auctoie
1502 2583 1569 2625 Re
1674 2587 1726 2625 18
1759 2584 1861 2625 δια-

182 2641 357 2692 παντὸς
381 2643 426 2685 Β
454 2643 458 2698 Ι
488 2641 538 2686 δὲ
571 2656 645 2685 0111
670 2643 712 2685 L
806 2647 858 2685 19
893 2640 969 2686 οἷα
1002 2650 1214 2698 γονεῦσιν
1247 2641 1349 2685 coni
1381 2642 1448 2684 Re
1478 2633 1631 2694 Anim‚
1665 2640 1862 2684 fortasse

180 2702 319 2754 recte,
354 2700 409 2743 cf.
437 2714 499 2743 or.
532 2715 614 2756 pro
649 2700 829 2775 Olymp.
864 2702 934 2745 ed..
966 2700 1244 2745 Siebenkees
1275 2715 1319 2755 p.
1347 2704 1416 2753 88,
1443 2704 1498 2742 23
1523 2702 1570 2743 eb
1594 2704 1648 2742 26
1667 2714 1748 2754 sq.‚
1782 2700 1862 2743 sed

183 2759 326 2803 etiam
360 2759 411 2815 ἐμ
415 2760 458 2802 οὶ
499 2761 606 2802 ante
647 2756 723 2802 οἷα
763 2760 989 2803 excidisse
1029 2762 1076 2803 et
1117 2758 1358 2814 sequenffia
1400 2758 1554 2801 labem
1598 2759 1862 2815 concepisse

181 2818 397 2861 videntur
439 2818 443 2876 Ι
493 2825 584 2862 τῶν
618 2818 735 2873 ἐμῶν
768 2832 842 2861 0111
874 2821 917 2862 L
1007 2820 1114 2874 post
1152 2817 1383 2874 ἁμαρτών,
1423 2817 1647 2860 excidisse
1678 2818 1864 2861 videtur

183 2875 355 2933 ἥμαρτε
477 2880 531 2918 20
562 2882 616 2933 τῇ
649 2878 774 2934 τιμῇ]
807 2884 860 2934 τῇ
890 2876 968 2935 ’μῇ
1001 2878 1111 2921 Feri·
1141 2876 1241 2920 Mor
1269 2879 1274 2932 Ι
1310 2893 1392 2932 μεν
1417 2875 1503 2932 γὰρ
1535 2876 1658 2920 inser
1681 2876 1826 2920 Ferr
1813 2891 1863 2918 m

182 2948 316 2991 marg
376 2952 428 2992 με
463 2936 531 2978 Re
562 2935 700 2978 Anim
