2026 3168
218 141 251 193 2
255 141 327 193 04
763 139 989 184 LIBANH
1022 133 1363 184 ORATIONES

221 275 527 343 ἑστιάματα.
619 276 741 328 280.
797 274 917 344 ἐμοὶ
972 273 1034 328 δὲ
1092 275 1352 328 ἀκούοντι
1405 283 1576 328 ταῦτα
1629 274 1720 328 καὶ
1774 278 1908 343 μετὰ

222 373 394 418 ταῦτα
431 364 632 434 ὁρῶντι
672 365 839 434 δεῦρο
887 363 1282 431 κεκομισμένον
1327 367 1690 434 περιειστήκει
1735 361 1837 433 μὲν
1876 364 1908 418 ὁ

131 467 173 510 R
198 471 283 510 168
315 462 409 522 τῆς
439 454 603 506 τοῦδε
634 453 835 522 μητρὸς
865 453 1125 521 θάνατος,
1156 455 1517 522 περιειστήκει
1545 452 1551 521 Ι
1579 450 1640 505 δὲ
1676 453 1737 506 τὸ
1769 450 1907 522 μηδὲ

165 544 202 612 †
219 541 310 595 ἐπὶ
334 545 524 610 κλίνης
550 543 611 595 τὸ
637 541 798 608 γένος
831 540 1030 605 ἐξεῖναι
1055 540 1144 593 ἀπ’
1176 540 1386 609 ἐκείνης
1409 547 1702 594 κινεῖσθαι.
1741 542 1911 604 πόδες

178 654 197 686 5
222 631 407 696 τεκαὶ
445 639 643 700 χεῖρες,
685 630 834 700 εἴπέρ
865 648 1022 699 ποτε,
1063 629 1443 699 ἀπειρήκεσαν.
1508 635 1659 683 θεῶν
1703 627 1764 683 δὲ
1803 631 1908 683 δω-

224 722 361 790 ρεαί,
401 722 582 788 λόγων
621 721 818 786 ε”μενον
858 718 919 772 ἐν
963 725 1038 791 τῷ
1073 721 1296 785 στόματι
1334 719 1514 787 τύποι,
1555 718 1737 772 ὁποῖοι
1774 721 1909 789 πρό-

221 828 399 878 τερον,
455 809 545 860 καὶ
595 806 741 860 τοῦτ’
797 804 866 876 ἦν
911 808 973 860 τὸ
1020 809 1092 876 μὴ
1139 807 1421 877 παρασχὸν
1467 815 1582 869 τοῖς
1627 810 1911 876 πολεμιόις

221 901 478 966 λαμπρῶς
509 898 612 965 ἤδη
645 899 965 961 παιανίζειν.
1023 896 1281 966 θεάτροις
1304 893 1405 962 μὲν
1430 896 1530 948 οὐκ
1553 891 1625 963 ἦν
1647 901 1910 966 χρῆσθαι,

224 985 257 1038 ἃ
298 982 358 1038 δὲ
397 986 535 1055 πρὸς
573 987 704 1048 τοὺς
744 984 804 1038 ἐν
843 991 917 1057 τῷ
943 985 1275 1054 μανθάνειν,
1305 983 1611 1054 ἐπληροῦτο
1645 985 1779 1037 κατὰ
1808 985 1911 1037 τὸν

156 1096 198 1128 10
222 1076 408 1141 νόμον.
487 1074 608 1126 281.
664 1077 886 1127 πολλῶν
933 1071 994 1126 δὲ
1041 1073 1147 1126 ἀπὸ
1187 1077 1408 1126 πολλῶν
1449 1072 1770 1143 φερομένων
1807 1091 1907 1143 πη-

222 1172 337 1231 γῶν
391 1164 650 1232 δακρύων
705 1161 1101 1232 ἀσθενέστερός
1152 1182 1210 1215 τε
1265 1163 1455 1232 ἅτερος
1516 1164 1726 1230 γίνεται
1786 1170 1909 1214 τοῖν

224 1251 545 1321 ὀφθαλμοῖν
569 1251 659 1304 καὶ
683 1261 905 1320 παρεῖχε
930 1251 1052 1314 δέος
1077 1253 1399 1320 οἰχήσεσθαι
1430 1250 1637 1313 τελέως.
1684 1251 1906 1303 τουτονὶ

222 1337 323 1407 μὲν
348 1337 450 1393 οὖν
482 1342 534 1393 οἱ
559 1340 758 1410 [θεῶν]
785 1350 895 1393 τῶν
927 1339 1172 1410 ἀστέρων
1203 1341 1416 1392 ἅπαντα
1447 1338 1773 1409 ἐξαρτῶντες
1805 1339 1907 1392 οὐκ

223 1429 558 1482 ἀπολεῖσθαί
593 1443 765 1498 φασιν
794 1428 982 1499 ’Ἀρεος
1013 1430 1089 1491 εἰς
1122 1429 1419 1496 διαλλαγὰς
1450 1427 1729 1495 ἐλθόντος,
1755 1428 1820 1480 τὰ
1848 1426 1896 1480 δ’

157 1539 199 1572 15
225 1519 361 1570 ἄλλα
399 1517 802 1586 προσεγένοντο
841 1514 942 1584 μὲν
980 1516 1229 1585 ὁμιληταὶ
1260 1518 1623 1585 πολλαχόθεν,
1657 1518 1811 1584 λόγοι
1844 1513 1948 1581 δεμ

225 1605 587 1675 έργασθέντες
626 1604 847 1672 ἔμειναν
886 1611 1014 1658 εἴσω
1047 1611 1257 1675 θυρῶν.
1321 1605 1442 1657 282.
1483 1605 1711 1676 ἄρχουσι
1743 1601 1805 1657 δὲ
1836 1605 1905 1657 οὐ

224 1695 367 1762 μάλα
414 1697 812 1763 συνεγενόμην,
858 1695 956 1747 τὸν
1005 1691 1106 1761 μὲν
1154 1694 1301 1763 ὁρῶν
1347 1695 1479 1746 ὄντα
1525 1694 1770 1761 κάπηλον
1814 1693 1905 1745 καὶ

226 1781 394 1836 οὐδὲν
439 1784 467 1836 ὅ
515 1804 567 1836 τι
617 1784 682 1836 οὐ
730 1787 1038 1851 πωλοῦντα,
1084 1784 1182 1835 τὸν
1233 1780 1294 1835 δὲ
1345 1781 1757 1835 ἀναπετάσαντα
1806 1782 1908 1850 τὴν

228 1978 312 2017 216
346 1919 475 2016 azel).
508 1919 607 2029 336.
643 1918 728 1957 970
845 1918 897 1956 10
931 1927 1001 1969 ep.
1037 1918 1119 1957 959
1234 1918 1287 1956 17
1322 1912 1585 1968 Εὐτρόπιον
1617 1914 1696 1969 (or.
1729 1912 1793 1956 IV
1822 1913 1854 1955 13.
1887 1911 1910 1954 Ι

317 2009 327 2027 ,
409 1988 473 2028 sq.

349 2097 370 2134 1
406 2089 626 2135 ἀκούοντί
658 2107 706 2134 τε
736 2098 883 2134 ταῦτα
917 2092 959 2134 L
1050 2095 1077 2133 4
1109 2088 1264 2146 κλίνης
1294 2104 1370 2133 0111
1393 2090 1436 2133 L
1464 2093 1469 2146 Ι
1496 2090 1549 2133 τὸ
1583 2104 1656 2133 om
1682 2091 1724 2133 L
1752 2091 1757 2146 Ι
1801 2089 1912 2141 ἐξεῖ-

229 2167 308 2194 ναι
339 2149 422 2193 ἀπ’
454 2148 648 2207 ἐκείνης]
683 2149 766 2193 ἀπ’
798 2148 976 2206 ἐκείνης
1008 2150 1179 2202 ἐξεῖναι
1204 2151 1246 2193 L
1309 2151 1391 2193 auss
1421 2147 1506 2192 ἀπ’
1535 2146 1714 2204 ἐκείνης
1743 2150 1796 2191 ut
1820 2147 1909 2191 dit-

229 2209 478 2266 tographia
509 2209 582 2252 vel
613 2209 753 2252 lectio
784 2209 914 2252 varia
954 2208 1272 2252 antecedentis
1313 2209 1389 2252 ἐπὶ
1428 2205 1586 2264 κλίνης
1625 2209 1706 2251 aut
1745 2207 1911 2250 saltem

229 2266 313 2312 ἀπ’
344 2268 695 2312 cancellandum
730 2269 777 2312 et
806 2265 1031 2312 τίθεσθαι
1062 2282 1145 2324 pro
1171 2270 1407 2311 κινεῖσθαι
1430 2267 1680 2324 legendum
1739 2266 1790 2309 τὸ
1822 2263 1907 2309 ἀπ’

230 2325 409 2383 ἐκείνης
450 2327 552 2370 coni
585 2327 652 2370 Re
775 2331 799 2369 6
831 2326 960 2384 λόγοι
1005 2328 1086 2371 VL
1141 2328 1188 2370 et
1234 2327 1338 2370 coni
1377 2326 1478 2369 Mor
1519 2329 1524 2382 Ι
1573 2325 1709 2369 τύποι
1750 2324 1913 2381 scripsi

231 2387 419 2430 auctore
450 2387 519 2429 Re
579 2385 714 2430 τόποι
745 2386 855 2428 libri
888 2386 978 2429 edd
1011 2399 1069 2428 an
1101 2386 1188 2429 hoc
1221 2385 1471 2428 delendum
1504 2387 1550 2428 ei]
1580 2383 1706 2441 λόγοι
1730 2398 1813 2439 pro
1838 2383 1912 2427 λό-

231 2491 325 2531 γων
358 2474 681 2518 scribendum?
782 2479 804 2517 τ
837 2481 971 2518 τοῦτο
1005 2475 1050 2517 Ρ
1078 2473 1169 2517 edd
1269 2477 1294 2516 8
1326 2461 1596 2524 nmffivzgm
1631 2473 1668 2516 ο
1695 2473 1741 2514 et
1772 2472 1827 2525 P,
1865 2471 1914 2514 in

233 2547 324 2588 quo
357 2550 386 2575 α
410 2533 480 2575 111³
505 2547 730 2589 suprascr.
761 2534 766 2591 Ι
794 2534 877 2589 μὲν
910 2531 993 2577 οὖν
1027 2534 1109 2576 οὐκ
1142 2534 1186 2576 L
1306 2537 1330 2574 9
1362 2532 1445 2576 τὸν
1478 2545 1551 2574 0111
1583 2532 1626 2574 L
1742 2535 1795 2573 10
1827 2529 1916 2586 νόμ

231 2592 280 2634 in
314 2589 457 2646 νόμον
490 2592 538 2634 in
568 2606 644 2635 ras
677 2592 742 2634 Ρ3
769 2594 774 2650 Ι
803 2591 1072 2648 φερομένων
1103 2591 1281 2648 πηγῶν]
1316 2598 1487 2647 πηγῶνΚ
1510 2587 1777 2645 φερομένων
1810 2591 1855 2633 Β

234 2656 287 2693 12
321 2652 505 2694 τουτονὶ
529 2651 691 2706 scripsi
752 2652 880 2694 τουτὶ
911 2650 1020 2693 libri
1046 2651 1137 2694 edd
1195 2657 1359 2692 τοῦτον
1385 2639 1614 2692 consMor
1703 2653 1755 2691 13
1787 2651 1914 2693 θεῶν

234 2723 258 2752 e
292 2710 411 2752 θεὸν
445 2723 545 2752 corr
579 2711 636 2753 0⁶
697 2710 815 2753 θεὸν
840 2712 885 2753 Ρ
907 2710 987 2753 sed
1013 2717 1076 2753 ῶν
1101 2708 1170 2752 m²
1199 2721 1423 2763 suprascr.
1451 2707 1703 2751 cancellavi
1728 2709 1916 2751 auctore

232 2769 300 2811 Re
359 2769 580 2812 θεώντων
614 2767 769 2811 Gasda
796 2771 801 2823 Ι
831 2768 1034 2825 ἅπαντα]
1062 2767 1106 2811 οἱ
1130 2766 1285 2811 πάντα
1310 2768 1353 2810 L
1446 2771 1500 2809 14
1525 2766 1661 2821 ἄρεος
1685 2780 1741 2810 ex
1771 2766 1917 2821 ἄρεως

233 2841 335 2870 con·
369 2827 492 2870 0⁸1³ss
629 2832 682 2870 15
721 2825 1023 2885 πανταχόθεν
1057 2827 1101 2870 Β
1238 2830 1291 2868 18
1333 2825 1470 2868 οὐδὲν
1505 2823 1573 2868 ὅτι
1606 2826 1660 2869 οὐ
1694 2824 1858 2881 scripsi
1889 2838 1914 2868 e

234 2886 323 2929 PB
336 2887 417 2929 VL
450 2899 554 2928 eum
588 2885 758 2929 Cobeto
791 2886 958 2929 Mnem.
991 2885 1054 2927 III
1085 2889 1169 2928 253
1233 2882 1335 2928 οὐδ’
1367 2882 1390 2927 ’ὅ
1421 2901 1464 2927 τι
1497 2885 1551 2927 οὐ
1586 2885 1623 2928 G
1649 2885 1759 2927 Fert
1788 2884 1857 2927 Re

234 2945 481 2989 οὐδοτιοῦν
514 2945 614 2988 Mor
657 2947 661 3001 1
706 2962 735 2987 α
768 2944 885 3000 (ult.)
918 2944 966 2986 in
998 2942 1359 2987 ἀναπετάσαντα
1392 2957 1499 2986 corr.
1523 2956 1578 2986 ex
1610 2960 1626 2986 ι
1661 2943 1717 2987 0⁸
