2026 3168
788 574 1186 635 ΑΡΤΕΜΙΣ.

260 711 305 762 1.
338 709 489 763 Αὐτὸ
520 717 684 763 τοῦτο
716 710 776 762 τὸ
808 718 916 763 νῦν
948 709 1041 777 ἐμὲ
1071 708 1161 762 καὶ
1195 713 1289 779 ζῆν
1319 708 1412 762 καὶ
1445 708 1627 777 λέγειν
1649 707 1742 763 καὶ
1773 722 1816 765 R
1836 727 1922 766 225

146 798 284 869 ὁρᾶν
322 818 380 851 τε
417 798 558 868 ὑμᾶς
595 797 686 851 καὶ
724 797 820 867 ὑφ’
867 798 1025 867 ὑμῶν
1063 798 1305 868 ὁρᾶσθαι
1350 799 1497 867 παρὰ
1535 806 1631 866 τῆς
1657 796 1833 866 Ἀρτέ-

145 889 306 956 μιδός
349 908 444 954 μοι
491 887 827 956 σαφέστατα,
875 884 917 940 ὦ
961 888 1186 958 ἄνδρες,
1232 888 1266 956 ἥ
1305 886 1358 953 μ’
1405 885 1459 951 ἐξ
1500 886 1684 940 αὐτῶν
1721 896 1834 939 τῶν

145 984 246 1029 τοῦ
293 976 545 1029 θανάτου
594 979 790 1029 πυλῶν
835 974 1105 1047 ἐρρύσατο
1151 974 1242 1029 καὶ
1297 974 1574 1028 διέσωσεν.
1651 976 1718 1029 οὐ
1766 976 1834 1044 δὴ
1883 997 1902 1028 5

148 1065 448 1134 ἀχάριστον
485 1066 587 1134 χρὴ
627 1064 891 1134 γενέσθαι
928 1063 1054 1135 περὶ
1093 1066 1195 1134 τὴν
1231 1072 1402 1117 ταῦτα
1441 1065 1652 1117 δοῦσαν
1681 1065 1836 1131 θεόν,

146 1153 287 1207 ἀλλὰ
318 1155 538 1207 δίκαιον
572 1155 936 1221 δεικνύμενον
959 1162 1147 1224 τηρεῖν
1169 1154 1268 1206 τὸν
1289 1151 1414 1222 περὶ
1446 1161 1616 1206 ταῦτα
1647 1154 1835 1220 νόμον.

149 1243 199 1295 2.
247 1242 275 1295 6
316 1243 378 1296 δὲ
421 1245 589 1311 νόμος
635 1241 788 1295 ἐστὶν
827 1238 889 1296 εὖ
929 1245 1184 1296 παθόντα
1225 1242 1334 1294 ὑπό
1372 1262 1472 1295 του
1511 1251 1623 1294 τῶν
1660 1260 1837 1311 κρειτ-

147 1333 329 1384 τόνων
378 1339 543 1399 τιμᾶν
593 1339 793 1385 τοῦτον
839 1333 937 1385 τὸν
976 1328 1038 1385 εὖ
1089 1333 1440 1399 πεποιηκότα.
1515 1336 1643 1401 τιμᾷ
1693 1326 1755 1383 δὲ
1805 1329 1834 1382 6

144 1417 248 1487 μὲν
285 1429 558 1491 κρατῆρας
603 1420 912 1489 ἀνατιθείς,
960 1421 989 1474 6
1030 1417 1092 1474 δὲ
1138 1421 1425 1491 χρυσίδας,
1472 1419 1502 1473 6
1541 1416 1602 1472 δὲ
1648 1418 1836 1489 ἕτερόν
1860 1441 1902 1472 10

145 1529 198 1562 τι
238 1517 450 1578 σκεῦος,
489 1509 518 1562 6
559 1506 620 1562 δὲ
660 1508 955 1579 στέφανον,
994 1511 1199 1579 ποιμὴν
1232 1506 1291 1562 δὲ
1331 1509 1505 1562 αὐλὸν
1535 1509 1624 1561 καὶ
1662 1513 1837 1578 θηρα-

145 1600 240 1667 τὴς
277 1601 484 1669 θηρίου
524 1599 773 1667 κεφαλὴν
810 1599 901 1651 καὶ
940 1599 1169 1668 ποιητὴς
1214 1598 1393 1665 ὕμνον
1431 1596 1493 1650 ἐν
1531 1596 1706 1668 με’τρῳ
1745 1594 1838 1649 καὶ

147 1687 439 1757 ῥητορικὸς
468 1686 650 1756 ὕμνον
682 1688 817 1740 ἄνευ
852 1686 1069 1757 μέτρου.
1133 1688 1286 1740 δοκεῖ
1321 1685 1387 1739 δέ
1414 1706 1508 1753 μοι
1539 1687 1685 1756 παρὰ
1722 1694 1838 1748 τοῖς

268 1848 307 1892 C'
393 1870 448 1883 =
463 1846 618 1890 Codex
642 1846 895 1895 ‚Chisianus

265 1908 311 1950 A
389 1929 439 1943 =
458 1905 612 1950 Codex
641 1906 934 1950 Monacensis
966 1920 1032 1962 gr.
1066 1909 1152 1948 483
1186 1905 1521 1962 (Augustanus)

264 1968 310 2010 P
391 1964 616 2009 :Codex
644 1965 889 2008 Palatinus
922 1980 989 2022 gr.
1025 1969 1108 2008 282

277 2026 322 2069 V
390 2047 446 2061 =
462 2024 616 2069 Codex
646 2024 1021 2068 Vindobonensis

276 2085 321 2129 U
394 2083 618 2128 =Codex
649 2083 850 2127 Urbinas
882 2098 949 2141 gr.
986 2087 1068 2126 126

264 2144 301 2186 I
388 2166 443 2179 =
459 2142 614 2187 Codex
644 2142 911 2186 Marcianus
944 2142 1144 2198 append.
1177 2141 1276 2185 XCI
1309 2147 1334 2185 2

268 2204 314 2246 Β
395 2201 618 2246 =Codex
647 2201 929 2246 Barberinus
959 2201 1002 2244 Π
1032 2206 1087 2244 41

269 2261 331 2304 M
393 2260 618 2305 :Codex
647 2261 913 2305 Marcianus
945 2275 1013 2317 gr.
1044 2264 1129 2304 437

265 2321 444 2364 Ferr=
459 2320 602 2365 editio
619 2320 948 2374 Fen-ariensis3
972 2320 1084 2362 Fen·
1107 2319 1157 2362 in
1179 2333 1381 2377 marg=
1396 2319 1619 2364 lectiones
1634 2317 1839 2376 margini

459 2379 736 2436 exemplaris
767 2379 860 2422 mei
892 2378 1112 2422 edissionis
1144 2379 1451 2422 Ferrariensis
1484 2378 1748 2435 adscriptae

265 2439 369 2482 Mor
388 2461 442 2475 =
457 2438 602 2482 editio
634 2438 911 2482 Motelliana,

266 2498 334 2541 Re
392 2497 680 2541 =Reiskius

268 2651 294 2690 5
326 2646 377 2690 Π.
412 2663 436 2690 ο
470 2650 568 2690 290.
618 2662 638 2690 ε
671 2650 770 2689 646.

268 2779 569 2823 2τὸοω1]
698 2775 907 2834 3ἐφἸ
1034 2775 1582 2834 42‘2‘40'13ginrasw
1719 2773 1835 2830 ὃδὴ

151 2838 232 2881 καὶ
262 2837 513 2896 ἀχάριστον
546 2840 591 2882 Β
735 2843 759 2880 6
792 2835 1015 2894 γενέσθαι
1046 2836 1131 2894 χρὴ
1167 2836 1229 2879 Μ
1251 2837 1256 2893 Ι
1283 2834 1407 2879 θεάν
1439 2835 1541 2879 Mor
1676 2838 1701 2876 7
1735 2836 1838 2878 δια-

150 2894 364 2952 κείμενον
395 2897 552 2941 Gasda
684 2901 739 2939 10
770 2893 973 2946 ἀναθείς
1002 2896 1114 2939 Ferr
1144 2895 1245 2939 Mor
1380 2899 1432 2938 11
1465 2892 1698 2950 θηρευτὴς
1728 2892 1840 2936 Fen·

151 2955 253 2999 Mor
382 2961 436 3000 13
468 2954 616 3012 ῧμνον
648 2970 725 2999 om
750 2956 795 2999 V

240 3039 438 3071 Laurus
462 3039 521 3071 ed.
544 3038 784 3070 Foerster.
1604 3030 1661 3069 20
