2026 3168
684 155 914 199 LIBANII
944 153 1286 199 ORATIONES
1725 154 1827 207 157

259 290 378 344 156.
407 289 565 344 Ἀλλὰ
603 292 707 361 γὰρ
740 291 843 344 οὐκ
876 286 984 344 οἶδ’
1021 290 1167 353 ὅπως
1197 310 1262 357 με
1294 288 1627 358 διεφυγέτην
1660 289 1831 343 Αἰθέ-

147 383 264 452 ριός
317 399 374 433 τε
432 380 523 432 καὶ
592 383 832 448 Φῆστος,
887 380 1094 448 Σύρων
1154 375 1254 448 μὲν
1316 381 1500 449 ἄρχων
1561 377 1830 448 ἑκάτερος,

149 467 406 540 ἄρξαντες
445 465 505 521 δὲ
543 467 680 538 πρὶν
717 467 750 537 ἢ
790 469 1038 521 Βάλεντα
1078 466 1225 538 δεῦρ’
1272 469 1441 536 ἥκειν.
1518 467 1546 521 ὁ
1586 467 1688 536 μὲν
1727 463 1832 520 οὖν

147 565 334 627 φωνῆς
359 556 620 620 Ἑλλάδος
652 558 876 627 ἄπειρος
909 554 915 628 Ι
949 552 1037 624 ἦν,
1076 555 1106 610 ὁ
1143 559 1373 625 Φῆστος,
1413 558 1739 625 παραπαίων
1770 568 1812 612 R
1835 572 1919 611 104

146 647 467 717 ἄνθρωπος,
516 645 633 699 ἀλλ’
688 646 832 713 ὅμως
879 645 1050 699 αὐτὸν
1096 642 1227 699 οὐδὲ
1271 653 1436 699 τοῦτο
1483 648 1663 698 ἔπεισε
1703 645 1829 698 διώ·
1877 665 1896 698 5

146 740 354 788 σασθαι
384 736 487 804 τὴν
518 734 708 805 ἀρχήν,
733 734 918 788 ἐλθὼν
951 736 1013 789 δὲ
1044 737 1227 804 δείλης
1258 735 1494 803 εἰσάγων
1526 734 1600 797 ὡς
1631 732 1830 787 ἑαυτὸν

146 825 442 891 Εὔβουλον
479 825 571 877 καὶ
611 825 798 877 συνὼν
838 824 983 896 αὐτῷ
1018 822 1090 877 δι’
1138 823 1410 894 ἑρμηνέως
1448 831 1664 891 πιστοῦ,
1706 823 1734 876 ὁ
1773 820 1821 874 δ’

146 912 414 981 ὡμολόγει
463 920 560 981 τῆς
606 911 736 982 ἐμῆς
786 911 1084 983 ἐπιθυμεῖν
1136 917 1405 981 τελευτῆς,
1461 913 1608 975 ὅπως
1662 907 1830 974 αὖθις

148 997 295 1054 εἷναί
328 1021 382 1054 τι
421 999 643 1065 δόξειεν.
714 1000 911 1055 ἐπώλει
958 998 1062 1055 οὖν
1099 1003 1371 1074 Εὐβούλῳ
1414 1003 1475 1055 τὸ
1517 1009 1698 1070 μισεῖν
1737 997 1828 1069 ἐμὲ

150 1092 365 1158 Φῆστος
404 1085 483 1143 ὧν
520 1089 650 1143 καθ’
696 1089 930 1159 ἑκάστην
967 1092 1132 1159 ἤσθιε
1173 1093 1274 1160 τὴν
1311 1089 1541 1160 ἡμέραν·
1587 1086 1730 1159 ἦσαν
1769 1085 1828 1142 δὲ
1855 1109 1897 1142 10

148 1186 309 1248 χῆνες
360 1181 551 1242 πίονες
605 1178 796 1251 ἐκείνῳ
851 1179 943 1234 καὶ
997 1176 1149 1243 οἶνος
1202 1180 1338 1248 ἡδὺς
1397 1180 1487 1232 καὶ
1549 1180 1828 1247 φασιανοί.

151 1266 271 1320 157.
317 1265 515 1335 ἔβλεπέ
557 1287 615 1320 τε
661 1264 766 1321 οὗν
813 1289 880 1338 με
927 1269 1028 1338 οὐχ
1067 1269 1140 1331 ὡς
1177 1269 1373 1337 ἥδιστα
1412 1267 1441 1321 ὁ
1486 1271 1702 1336 Φῆστος
1739 1267 1828 1320 καὶ

145 1355 218 1419 ὡς
255 1357 379 1425 περὶ
425 1364 598 1409 κακοῦ
644 1359 774 1420 τοὺς
822 1359 1023 1426 λόγους
1068 1356 1303 1410 ἐποιεῖτο
1342 1357 1433 1410 καὶ
1473 1355 1647 1409 ὁπόσα
1685 1354 1828 1424 ἐξῆν,

144 1439 383 1512 ἔπληττε.
445 1447 541 1498 καί
574 1464 706 1498 ποτε
744 1444 984 1515 θέατρον
1022 1445 1124 1515 μέν
1161 1466 1255 1515 μοι
1294 1448 1626 1513 συνείλεκτο,
1666 1448 1830 1497 λῦσαι

147 1529 208 1585 δὲ
231 1540 394 1586 τοῦτο
419 1535 756 1605 πειρώμενος
781 1533 869 1588 ἐπὶ
900 1536 1187 1605 γράμματα
1216 1536 1467 1602 βασίλεια
1496 1535 1628 1596 τοὺς
1657 1539 1830 1602 καθη-
1855 1553 1897 1587 15

144 1620 345 1688 μένους
390 1621 594 1691 ἐκάλει,
642 1623 716 1686 ὡς
762 1624 829 1692 δὴ
879 1622 966 1677 ἐπὶ
1012 1630 1088 1695 τῷ
1133 1623 1274 1677 τέλει
1323 1631 1419 1692 τῆς
1469 1622 1828 1691 ἀναγνώσεως

144 1708 358 1778 ἐξελῶν,
404 1710 496 1764 καὶ
534 1712 880 1782 ὑπογραφεῖς
926 1713 1037 1781 ἅμα
1082 1721 1334 1783 παρῆσαν
1379 1713 1719 1781 γραφόμενοι
1764 1712 1829 1763 τὰ

143 1807 255 1852 τῶν
294 1799 396 1852 οὐκ
434 1799 848 1869 ἀναπηδώντων
886 1800 1144 1870 ὀνόματα·
1181 1802 1187 1870 Ι
1224 1800 1357 1873 ᾤετο
1398 1801 1502 1869 γάρ
1542 1820 1608 1869 με
1639 1819 1738 1869 μα-
1768 1812 1811 1855 R
1834 1815 1917 1855 105

145 1890 370 1956 χεῖσθαί
395 1907 454 1940 τε
484 1889 574 1941 καὶ
606 1889 707 1942 οὐκ
740 1888 1052 1960 ἐπιτρέψειν
1075 1889 1359 1957 ἀπελθεῖν,
1383 1891 1444 1942 τὸ
1479 1885 1540 1941 δὲ
1574 1887 1826 1958 ἀρκέσειν

147 1976 224 2039 εἰς
272 1977 534 2030 θάνατον.
612 1975 858 2031 ἐνταῦθα
908 1979 962 2031 οἱ
1011 1975 1112 2045 μὲν
1160 1977 1254 2031 ὑπ’
1311 1977 1551 2046 ἀνάγκης
1601 1974 1828 2046 ἐξῄεσαν
1853 1998 1896 2030 20

146 2065 409 2127 πολλάκις
454 2068 954 2135 μεταστρεφόμενοι
998 2067 1136 2137 πρὸς
1181 2065 1277 2135 ἐμέ
1319 2086 1377 2119 τε
1422 2067 1511 2119 καὶ
1550 2067 1616 2119 τὰ
1655 2066 1828 2136 ῥηθη-

147 2155 366 2222 σόμενα,
417 2147 500 2216 οἷς
551 2151 611 2206 δὲ
661 2153 789 2222 ἐξῆν
840 2154 1081 2223 ἀκούειν,
1130 2157 1354 2224 ἤκουον,
1403 2161 1717 2217 ποθοῦντες
1767 2151 1828 2207 δὲ

145 2242 246 2310 τὴν
292 2242 394 2311 οὐχ
442 2240 681 2295 ἑκοῦσαν
724 2242 1017 2312 οἰχομένην
1054 2253 1269 2313 μοῖραν.
1348 2243 1468 2296 158.
1516 2242 1690 2313 ἐμίσει
1727 2240 1829 2311 μὲν

148 2325 252 2383 οὗν
288 2331 377 2384 καὶ
417 2329 766 2400 ἐπεβούλευε,
805 2338 904 2384 τοῦ
943 2334 1138 2400 μίσους
1176 2329 1237 2385 δὲ
1276 2328 1403 2386 οἶδα
1439 2340 1505 2403 τῇ
1551 2332 1698 2403 Τύχῃ
1735 2331 1828 2408 χά-

265 2495 293 2534 4
325 2504 388 2535 or.
420 2490 570 2535 XXVI
599 2492 631 2534 t.
664 2491 706 2535 H
740 2496 836 2545 124,
872 2496 898 2535 3
923 2506 988 2547 sq.
1020 2492 1062 2535 R

267 2642 292 2680 5
323 2637 428 2693 ἤτοι
459 2638 745 2682 ἀπώσασθαι
767 2640 811 2683 V

267 2789 292 2827 3
326 2783 520 2839 ἄρξαντε
546 2786 620 2889 VJ
644 2785 668 2830 ὁ
701 2785 801 2844 μὲν]
838 2784 956 2843 ὅμως
978 2787 1160 2831 ΑΟΡΒ
1190 2787 1313 2843 Fert,
1346 2804 1402 2844 γρ
1425 2787 1527 2831 Mor
1556 2787 1605 2831 in
1635 2800 1769 2860 marg

151 2846 175 2885 7
208 2843 331 2900 αὐτῷ
363 2857 439 2887 om
462 2846 506 2889 L
547 2846 553 2903 Ι
654 2843 722 2903 δ’]
758 2841 830 2889 ὅδ’
858 2847 905 2890 Β
1003 2844 1027 2890 ὃ
1060 2843 1105 2890 δ’
1142 2859 1244 2890 corr
1274 2860 1329 2890 ex
1359 2843 1464 2891 οὐδ’
1488 2847 1550 2891 Vr
1650 2846 1739 2890 οὐδ
1783 2845 1827 2890 L

150 2905 177 2944 8
208 2899 419 2959 ὁμολόγει
447 2903 494 2946 Α
587 2908 639 2948 12
672 2921 725 2960 με
757 2918 832 2947 om
854 2905 936 2949 VL
1037 2908 1088 2948 1⁷
1122 2904 1283 2957 ἐξελών
1317 2905 1505 2950 GPBV
1528 2905 1638 2948 Fen·
1667 2904 1770 2948 Mor

154 2963 208 3003 18
239 2975 292 3017 με
316 2962 586 3020 μαχεῖσθαι]
613 2966 909 3020 μεμαχῆσθαι
926 2965 970 3008 L
1046 2967 1101 3006 20
1126 2963 1171 3008 οἱ
1195 2978 1269 3008 om
1284 2965 1326 3008 L
1402 2969 1457 3007 22
1484 2963 1535 3009 δὲ
1559 2963 1638 3008 alt.
1658 2978 1733 3008 om
1745 2964 1827 3009 VL
