2026 3168
94 257 150 297 30

106 1719 161 1759 31

181 107 288 160 232
641 114 646 120 ”
721 107 948 151 LIBANII
979 105 1320 151 ORATIONES

295 248 377 295 26.
431 248 593 295 codice
631 246 1071 310 Hamburgensi
1109 246 1368 309 inscripto:
1411 246 1709 297 Collectauea
1735 250 1865 299 Wol-

175 397 486 456 potissimum
531 397 877 455 descriptorum
924 410 956 442 a
993 395 1099 442 ΙοΙι.
1142 393 1408 455 Christoph.
1443 396 1618 455 Wolfio
1654 413 1702 458 p.
1736 397 1864 444 401:

184 470 265 517 Ex
307 468 420 517 Cod.
459 469 650 529 Lauyb.
692 469 799 516 XX
833 469 1067 528 descripsi
1103 471 1373 529 sequeutia:

367 556 616 621 Λιβανίου
656 555 797 621 λόγος
834 554 957 622 ὑπὲρ
997 563 1083 620 τῆς
1120 556 1352 622 τιμωρίας
1385 551 1657 607 Ἰουλιανοῦ

185 662 294 694 cum
331 645 622 694 lectionibus
660 646 812 693 variis
852 645 1080 694 editionis
1122 643 1413 693 Olearianae

295 750 342 796 p.
369 736 474 782 407
509 731 647 799 Πρὸς
677 732 792 792 τοὺς
815 732 975 799 βαρὺν
999 732 1149 783 αὐτὸν
1173 732 1466 792 καλέσαντας
1497 750 1553 783 ex
1576 734 1684 782 MS.
1709 738 1745 796 f'.
1774 729 1868 783 17¹>

297 809 427 856 421:
477 809 543 855 Iu
590 809 749 856 eodem
798 809 1040 856 volumine
1077 809 1396 868 descripserat
1433 809 1623 869 Lcmyb.
1662 810 1869 858 Libauii

186 881 331 947 λόγον
384 877 676 943 Ἐπιτάφιον
733 880 801 939 εἰς
854 876 1124 931 Ἰουλιανόν
1178 879 1457 945 ἀκεφάλως,
1513 886 1556 931 et
1612 882 1869 949 μειούρωςε

188 957 460 1016 descripsit,
510 959 564 1003 ut
612 957 817 1004 lacunae
862 958 916 1004 iu
962 957 1069 1004 edit.
1111 960 1365 1012 custumes,
1416 971 1472 1004 ex
1509 958 1608 1004 Ms.
1653 958 1871 1017 suppleri

179 1032 386 1090 possint,
426 1033 467 1077 et
503 1044 622 1077 saue
659 1031 769 1088 fieri
797 1034 953 1089 potest
990 1032 1192 1090 feliciter
1228 1031 1465 1090 simulque
1501 1032 1655 1079 variis
1694 1031 1822 1079 locis.

298 1121 344 1166 p.
387 1105 489 1151 437
545 1104 626 1151 Ex
676 1104 835 1151 eodem
889 1103 1059 1152 Codice
1108 1105 1298 1165 Lauyb.
1350 1105 1583 1165 descripsi
1630 1109 1873 1165 sequentes

188 1179 395 1226 Libcmii
434 1178 657 1237 epistolas
697 1182 776 1226 etc.

300 1251 497 1314 Inspexi
520 1267 665 1299 >anno
709 1253 863 1299 1885.

301 1325 396 1373 Sed
442 1325 543 1372 iam
589 1328 859 1387 antequam
906 1325 1056 1374 codex
1086 1326 1416 1374 Baroccianus
1462 1329 1565 1375 219
1615 1326 1873 1374 bibliothe-

191 1416 298 1448 cam
343 1399 666 1447 Bodleianam
706 1400 937 1460 intravit,
977 1415 1104 1447 anno
1149 1402 1286 1448 1629
1335 1401 1589 1462 excerptus
1637 1401 1709 1447 est
1746 1399 1874 1448 Lon-

191 1474 297 1521 dim‘
329 1489 358 1520 a
390 1475 496 1521 viro
530 1473 673 1521 docto
706 1475 844 1521 cuius
876 1490 1051 1521 nomen
1082 1474 1327 1521 traditum
1358 1489 1455 1520 non
1488 1475 1576 1535 est,
1614 1474 1699 1522 sed
1731 1490 1874 1535 quem

190 1547 523 1595 Patricium
562 1547 795 1594 Iunium
843 1548 994 1595 fuisse
1046 1540 1295 1613 conicio.1)
1373 1546 1521 1595 Cuius
1569 1563 1718 1609 opera
1764 1563 1876 1596 con-

191 1622 382 1669 tinetur

310 1711 392 1757 27.
455 1709 618 1757 codice
684 1708 1173 1773 Cantabrigiensi
1229 1708 1487 1772 Collegii
1549 1710 1876 1758 Trinitatis

194 1777 363 1850 (Gale
404 1782 743 1831 Collection
782 1781 837 1831 O.
872 1785 917 1830 2.
961 1777 1068 1850 54),
1109 1784 1227 1832 olim
1266 1783 1461 1847 signato
1505 1785 1622 1831 130.
1658 1784 1715 1831 B.
1755 1778 1876 1849 64²)

196 1858 453 1905 chartaceo
493 1858 679 1904 formae
721 1859 941 1919 quartae,
982 1858 1067 1919 qui
1108 1857 1303 1905 exhibet

196 2010 477 2064 ἀνεκδότους
509 2013 725 2069 descripsi
756 2012 1122 2069 (HSReimarus‚
1154 2012 1223 2056 De
1254 2013 1351 2055 vita
1383 2014 1429 2056 et
1461 2011 1646 2069 scriptis
1669 2012 1879 2056 1.A.Fa-

194 2071 330 2115 bricii
361 2087 405 2128 p.
433 2075 547 2129 353).

318 2140 360 2195 1)
391 2138 435 2181 Is
467 2138 591 2181 enim
621 2138 731 2182 inde
763 2138 822 2181 ab
856 2152 976 2182 anno
1011 2143 1123 2182 1612
1163 2137 1255 2181 fuit
1292 2138 1674 2181 bibliothecarius
1704 2137 1880 2194 Regius

198 2199 246 2241 et
270 2197 453 2240 codices
476 2197 798 2252 Baroccianos‚
833 2199 887 2241 ut
917 2200 1056 2241 antea
1081 2200 1229 2254 (1627)
1254 2196 1593 2240 Arundelianos
1619 2210 1739 2240 anno
1767 2200 1879 2239 1628

198 2256 460 2300 Londinum
507 2257 722 2300 advectos
762 2257 1007 2300 recensuit.
1071 2255 1155 2312 (Cf.
1195 2256 1392 2309 Kemke‚
1439 2255 1668 2300 Patricius
1706 2255 1878 2309 Iunius,

198 2315 322 2371 Lips.
351 2319 464 2358 1898
488 2331 531 2371 p.
558 2315 693 2370 XVI.)
740 2315 808 2359 Ac
838 2329 997 2359 revera
1027 2316 1076 2358 in
1101 2315 1303 2372 epistula
1328 2315 1403 2358 die
1429 2320 1497 2358 12.
1522 2314 1746 2358 februarii
1770 2314 1880 2356 anni

203 2378 312 2417 1651
350 2375 410 2416 ad
440 2374 614 2418 Lucam
643 2374 940 2418 Holstenium
972 2375 1084 2418 data
1115 2375 1231 2419 citat
1266 2375 1505 2430 epistulam
1537 2373 1730 2417 Libauii
1767 2386 1880 2417 uou-

200 2433 309 2476 dum
339 2434 520 2487 editam,
552 2446 672 2489 quae
702 2434 756 2476 ut
785 2433 835 2476 in
865 2434 1150 2477 Barocciano
1182 2448 1248 2489 gr
1282 2437 1367 2476 219
1401 2446 1470 2488 ep.
1499 2436 1582 2475 146
1614 2432 1683 2475 ita
1712 2431 1762 2474 in
1792 2426 1881 2475 hoc

202 2492 472 2559 apographo
499 2494 650 2535 exstat
682 2493 771 2548 (Οὐ
796 2492 899 2549 γὰρ,
931 2498 982 2536 ut
1005 2494 1148 2536 verbis
1172 2493 1367 2536 Libauii
1389 2493 1440 2534 iu
1463 2492 1652 2546 epistola
1675 2490 1738 2534 ad
1760 2491 1881 2534 Aca-

201 2552 321 2594 cium
352 2551 550 2594 noudum
585 2552 708 2595 edita
738 2552 872 2605 finem
902 2552 1089 2623 faciam)
1122 2551 1187 2601 εἰς
1222 2549 1503 2624 ἀχάριστον
1511 2548 1756 2607 καταθήσῃ
1796 2548 1880 2605 τὴν

201 2625 353 2666 χαριν,
394 2608 505 2651 ἄλλα
538 2610 603 2661 εἰς
634 2611 815 2668 βοῶντα
855 2611 934 2654 καὶ
972 2610 1278 2666 κηρύττοντα,
1319 2608 1342 2653 ὃ
1382 2603 1625 2666 indicat:
1659 2622 1728 2664 ep.
1764 2611 1878 2665 565).

204 2667 456 2724 (Kemkel.
490 2667 518 2710 1.
552 2684 595 2723 p.
626 2673 721 2712 115.
756 2668 822 2712 Cf.
855 2684 899 2725 p.
929 2670 1014 2725 76.)

324 2735 366 2789 2)
400 2733 507 2776 Fuit
542 2733 653 2777 olim
685 2735 890 2779 Thomae
929 2734 1044 2779 Gale
1076 2733 1239 2791 (Catal.
1281 2734 1412 2777 codd.
1446 2732 1582 2790 Angl.
1617 2734 1663 2777 et
1693 2732 1879 2776 Hibern.

203 2807 247 2847 p.
278 2797 359 2835 189
393 2807 434 2835 n.
463 2796 596 2835 5970:
645 2794 840 2836 Libanii
871 2795 1107 2850 Epistolae
1138 2794 1326 2838 collatae
1366 2805 1467 2835 cum
1505 2793 1693 2836 diversis
1726 2791 1882 2847 MSS.)

205 2851 253 2894 et
285 2850 344 2893 ab
374 2850 511 2894 huius
543 2851 639 2894 filio
664 2852 864 2908 Rogerio
897 2867 1002 2896 cum
1033 2854 1134 2895 tota
1164 2851 1581 2907 manuscriptorum
1612 2850 1882 2894 collectione

206 2909 518 2953 bibliothecae
552 2910 745 2967 Collegii
778 2911 1019 2955 Trinitatis
1053 2911 1251 2954 donatus
1285 2911 1366 2954 est.

1965 0 2026 216 f

182 323 334 381 fiaua.
399 320 618 370 Collectio
655 323 907 391 variorum
945 322 1285 380 opusculorum
1323 336 1379 369 ecc
1413 323 1546 370 codd.
1579 323 1865 371 Bodleiasnis
1955 299 1959 329 ἶ
