2026 3168
615 140 840 184 LIBANII
872 139 1211 185 ORATIONES
1688 141 1758 195 35

81 284 304 329 excutere
341 280 500 345 coepi3
540 282 712 342 postea
749 280 1019 343 particulas
1060 281 1162 328 eius
1194 296 1358 329 meum
1389 282 1441 328 in
1471 295 1614 329 usum
1645 297 1758 329 con-

79 356 302 403 tulerunt
339 354 484 418 Hugo
525 354 702 415 Hinck,
741 354 1030 416 Rudolphus
1068 353 1214 402 Prinz
1254 348 1408 422 (anno
1448 348 1629 421 1880),
1668 355 1756 403 Ivo

78 429 237 476 Bruns
276 422 429 495 (anno
473 421 661 494 1887),
707 427 898 476 Aeneas
936 427 1257 476 Piccolomini
1298 422 1504 496 (1894).
1582 428 1757 476 Denuo

77 505 181 568 ipse
221 502 436 551 codicem
466 502 600 550 volvi
630 502 789 549 hieme
822 503 938 549 anni
973 496 1223 566 1895s96.
1296 501 1432 564 Opus
1465 505 1756 551 immensum

76 579 237 624 totum
276 577 490 637 exceptis
531 576 754 637 epistulis
799 570 1082 623 'conferendi
1129 569 1260 637 quod
1308 576 1370 624 ad
1417 577 1601 624 exitum
1647 579 1756 638 per-

76 650 276 698 ductum
308 652 396 712 est,
437 649 587 697 debeo
621 650 861 713 singulari
892 651 1116 698 comitati
1146 650 1383 712 principis
1415 650 1676 698 Barberini
1707 653 1758 698 et

75 724 258 787 insigni
278 723 647 772 benevolentiae
669 723 815 771 amici
831 722 922 770 Pii
942 723 1198 771 Franchi
1222 723 1289 771 de
1310 723 1643 772 Cavaleriis
1668 724 1757 785 qui

75 801 269 860 partem
301 813 331 845 a
361 814 436 844 me
467 798 693 845 relictam
724 797 1069 845 conferendam
1095 799 1311 859 suscepit
1343 791 1496 864 (anno
1526 790 1754 864 1896).1)

188 873 232 919 5.
274 870 436 919 Codex
473 871 948 920 Vindobonensis
986 871 1106 933 phil.
1146 887 1303 936 graec.
1343 871 1507 920 XCIII
1546 866 1639 939 (=
1668 865 1754 939 V),
1786 881 1812 920 5

75 946 193 993 olim
225 945 517 994 Theodori
551 944 760 1008 Gazae,
798 949 971 1007 postea
1009 945 1251 994 Ioannis
1282 945 1519 993 Aurelii
1549 945 1754 1009 Augu-

72 1019 213 1067 relli
261 1021 459 1081 poetae,
509 1022 620 1067 tum
658 1019 906 1068 Ioannis
946 1018 1221 1068 Sambuci
1259 1019 1606 1082 Tymaviensis
1655 1019 1754 1068 his-

73 1093 403 1156 toriographi,
449 1096 508 1141 ut
555 1093 713 1140 elucet
760 1109 816 1140 ex
861 1093 1263 1155 inscriptionibus
1318 1094 1370 1141 in
1423 1094 1543 1141 folio
1592 1094 1752 1162 primo

72 1168 268 1228 positis:
308 1168 449 1215 Ioan.
480 1166 708 1215 Sambuci
746 1168 852 1215 hist.
893 1170 941 1215 et
979 1167 1024 1215 I.
1054 1166 1283 1228 Sambucj
1319 1168 1620 1216 Timaviens.
1658 1169 1756 1228 fuit

73 1242 187 1289 olim
230 1242 399 1289 Theod.
434 1240 612 1290 Gazae.
642 1245 813 1301 postea
843 1240 905 1288 A.
937 1240 1194 1301 Auyurellj
1223 1242 1383 1298 Poete,
1423 1257 1518 1303 quo
1557 1240 1752 1289 mortuo

73 1330 102 1362 a
143 1314 432 1363 Sebastiano
472 1315 806 1378 Tengnagelio
845 1314 1218 1363 bibliothecario
1266 1315 1592 1363 bibliothecae
1634 1314 1752 1363 Cae-

72 1404 238 1436 sareae
302 1391 613 1450 comparatus
681 1389 808 1436 hanc
876 1389 1036 1450 ipsam
1104 1381 1388 1455 intravit2),
1464 1389 1752 1437 chartaceus

73 1465 147 1510 est
184 1463 371 1511 formae
409 1462 518 1510 folii
555 1464 773 1523 minoris,
814 1463 1007 1510 saeculo
1045 1462 1155 1524 XII,
1200 1465 1257 1511 ut
1294 1463 1417 1510 mihi
1454 1465 1616 1511 visum
1663 1465 1752 1525 est,

73 1538 257 1597 optime
320 1539 546 1584 exaratus
602 1536 792 1584 duabus
852 1536 1101 1598 manibus,
1164 1552 1372 1598 quarum
1432 1539 1569 1600 prior
1628 1537 1752 1585 folia

74 1611 265 1671 1—60,
305 1611 465 1658 altera
501 1610 746 1671 reliquam
784 1612 979 1672 partem
1017 1610 1224 1672 scripsit.
1298 1609 1504 1659 Constat
1551 1628 1576 1658 e
1615 1611 1750 1660 foliis

72 1685 173 1732 311
215 1684 295 1733 vel
336 1684 740 1746 quaternionibus
778 1686 861 1748 λθ,
908 1700 1116 1746 quorum
1154 1686 1345 1732 numeri
1397 1678 1559 1752 (α-η
1597 1700 1751 1732 manu

69 1758 243 1819 prima,
263 1760 508 1806 ’θον-λθ
545 1758 733 1806 duabus
772 1759 998 1806 manibus
1028 1752 1406 1825 posterioribus)
1444 1760 1496 1806 in
1527 1760 1750 1822 margine

69 1832 299 1880 inferiore
329 1832 560 1880 foliorum
588 1834 633 1893 1,
661 1833 707 1893 9,
735 1833 985 1880 17—305
1018 1833 1169 1894 positi
1202 1834 1330 1880 sunt.
1381 1831 1557 1880 Manus
1588 1833 1749 1894 prima

70 1906 220 1953 etiam
271 1905 458 1953 scholia
506 1906 558 1952 in
606 1906 828 1969 margine
880 1905 1153 1967 adscripsit.
1230 1905 1342 1954 Iota
1389 1905 1518 1967 quod
1567 1906 1750 1954 dicitur

70 1979 400 2040 subscriptum
438 1979 491 2026 in
528 1981 669 2041 parte
707 1981 870 2041 priore
911 1980 1011 2026 fere
1051 1981 1299 2038 omissum,
1336 1979 1388 2026 in
1427 1980 1586 2028 altera
1615 1980 1748 2027 haud

67 2068 180 2101 raro
221 2052 458 2115 scriptum
497 2055 582 2101 est.
653 2052 810 2100 Tituli
848 2053 1126 2100 orationum
1165 2055 1280 2101 sunt
1308 2053 1559 2103 rubricati.
1630 2052 1746 2102 Cor-

67 2129 229 2175 rectus
268 2129 342 2175 est
379 2127 539 2174 tribus
577 2126 827 2174 manibus:
866 2142 1016 2174 manu
1050 2127 1234 2175 saeculi
1261 2127 1357 2174 XV
1390 2121 1482 2193 (=
1515 2121 1580 2194 r),
1620 2143 1746 2189 quae

68 2201 217 2248 etiam
235 2200 421 2248 scholia
437 2201 712 2262 adscripsit,
736 2200 1004 2262 posteriore
1022 2216 1145 2262 quae
1162 2201 1286 2248 mihi
1300 2201 1407 2249 visa
1424 2204 1497 2250 est
1516 2200 1745 2250 Sambuci

94 2295 163 2313 =
196 2268 267 2341 s),
304 2276 573 2322 recentiore
613 2289 738 2336 quae
778 2276 1053 2323 atramento
1091 2290 1183 2323 usa
1222 2277 1295 2322 est
1333 2275 1469 2323 fulvo
1509 2269 1605 2342 (=
1636 2268 1694 2341 f).

177 2348 236 2396 In
274 2363 461 2397 summo
500 2349 620 2396 folio
664 2350 690 2395 1
732 2347 915 2412 legitur
959 2347 1103 2396 index
1153 2348 1386 2410 scriptus,
1432 2350 1490 2396 ut
1533 2349 1743 2409 videtur,

66 2421 181 2469 dum
220 2421 369 2470 codex
408 2421 637 2470 Sambuci
677 2423 770 2470 est:

777 2495 870 2545 No,
907 2497 1024 2543 106.

213 2570 419 2618 Libanii
454 2569 705 2630 Sophistae
742 2567 1028 2618 Antiocheno·
1069 2567 1320 2618 Orationes
1360 2569 1572 2625 XLIII,

433 2657 592 2692 ommes
629 2645 729 2704 fere
758 2643 979 2692 ineditae.

185 2830 225 2884 1)
258 2827 323 2871 Of.
356 2827 472 2872 Mus.
505 2828 650 2871 Rhen.
683 2827 762 2871 LII
794 2832 891 2871 297.

181 2887 224 2941 2)
265 2885 329 2929 Cf.
370 2886 542 2931 Kollar.
584 2887 643 2931 ad
674 2886 723 2930 P.
756 2885 969 2930 Lambec.
1009 2887 1250 2929 comment.
1290 2885 1402 2929 bibl.
1439 2884 1566 2930 Caes.
1604 2884 1683 2930 lib.
1716 2885 1737 2927 I

66 2944 150 2988 col.
179 2948 262 2988 798
281 2958 346 3000 sq.

1412 3018 1470 3061 3*
