2026 3168
170 140 242 191 94
710 139 938 183 LIBANH
970 139 1310 184 ORATIONES

171 275 240 328 ἂν
298 275 536 344 ἐκείνου,
583 273 710 345 παρ’
764 275 831 328 ὃν
882 276 1147 344 ἠρχόμην,
1201 278 1516 344 γενόμενος,
1569 277 1629 328 τὸ
1683 277 1788 347 γὰρ
1838 274 1850 347 st

83 376 124 419 R
144 381 198 420 19
232 365 300 432 δὴ
338 362 471 435 ἐρᾶν
494 362 591 416 καὶ
622 370 784 416 τοῦτο
818 362 887 416 ἂν
918 362 1166 434 ἔπραξεν,
1205 365 1435 434 εἱπόμην
1464 363 1604 433 <ἂν>
1629 364 1849 435 ἀνδρῶν

172 457 398 521 ἴχνεσιν,
446 451 542 515 οὓς
589 449 747 505 αὐτοὶ
792 449 893 521 μὲν
940 451 1255 520 ἐπίστασθε,
1303 458 1567 521 σιγᾶσθαι
1615 450 1676 506 δὲ
1729 453 1850 520 ἐμοὶ

169 541 408 594 κάλλιον.
486 533 600 603 οἷος
647 539 717 593 ἂν
763 536 866 593 οὗν
910 536 997 608 ἦν,
1043 541 1091 593 εἰ
1138 539 1268 593 ἀνθ’
1323 537 1401 594 ὧν
1445 541 1586 610 ὑμᾶς
1630 549 1738 595 νῦν
1786 541 1850 595 ἐν

124 637 281 691 5τοῖς
320 628 556 696 ἐμαυτοῦ
598 631 782 697 λόγοις
827 628 1243 698 ἀναμιμνήσκω,
1289 637 1388 683 τοῦ
1436 631 1617 693 δεῖνος
1664 629 1848 699 ἀνεμί-

169 731 413 786 μνησκον
450 725 709 771 ταπεινοῦ
749 737 900 780 τινος
937 718 1028 770 καὶ
1067 716 1298 786 πένητος
1337 718 1589 789 ρ”ήτοροςς

278 791 364 858 24.
413 807 581 859 Ταυτὶ
626 807 727 873 μὲν
774 802 878 859 οὗν
917 806 1090 869 οὕτως
1136 802 1198 859 εὖ
1239 805 1331 859 καὶ
1377 810 1555 870 καλῶς
1593 805 1847 878 ἐστρατή-

168 914 327 963 γηται
344 902 418 967 τῷ
435 896 670 962 δαίμονι.
710 893 801 948 καὶ
825 903 1041 966 προσῆν
1064 897 1125 948 τὸ
1148 888 1231 958 οἷς
1254 894 1419 966 ε’χρῆν
1443 896 1706 965 ἡγεμόσιν
1722 896 1848 948 ἀκο-

168 988 488 1037 λουθοῦντα
518 981 692 1052 μηδὲν
718 985 922 1055 ἰατρῶν
946 983 1006 1037 ἐν
1029 990 1106 1056 τῷ
1132 985 1338 1052 σώματι
1364 985 1677 1053 δεδεῆσθαι,
1710 985 1850 1037 ὥστε.

101 1094 143 1126 10
167 1071 363 1125 ὁπόσαι
402 1071 615 1143 ἡμέραι,
654 1079 909 1126 τοσοῦτοι
947 1074 1127 1142 πόνοι,
1166 1074 1312 1141 πλὴν
1347 1073 1478 1136 ὅσας
1516 1074 1571 1126 αἱ
1602 1074 1847 1142 πανηγύ-

167 1180 279 1230 ρεις
317 1161 502 1214 αὑτῶν
540 1160 884 1231 ἐποιήσαντο,
932 1162 997 1214 οὐ
1044 1162 1249 1224 πολλάς
1293 1181 1446 1224 τινας
1491 1158 1654 1229 οἶμαι.
1731 1162 1849 1216 ἐπεὶ·

167 1246 228 1302 δὲ
267 1249 444 1303 ἐδόκει
474 1249 734 1318 μέγιστον
765 1247 907 1304 εἶναι
937 1252 1166 1321 θρόνων
1198 1248 1353 1313 ἄξιον
1383 1259 1494 1303 τῶν
1524 1249 1652 1320 παρ’
1682 1249 1847 1320 Ἀθη-

166 1340 342 1401 ναίοις
371 1341 680 1409 κεκρίσθαι,
703 1340 793 1392 καὶ
832 1347 995 1392 τοῦτο
1028 1342 1373 1410 φροντίσασα
1396 1339 1430 1408 ἡ
1462 1340 1607 1408 Τύχη
1640 1338 1847 1392 δέδωκε

165 1435 364 1480 τοῦτον
407 1429 507 1480 τὸν
550 1430 769 1498 τρόπον.
846 1427 931 1480 25.
988 1424 1059 1496 ἦν
1102 1448 1185 1490 τις
1231 1429 1416 1497 ἄρχων
1462 1427 1599 1498 ἀνὴρ
1639 1437 1751 1480 τῶν
1789 1425 1843 1491 ἐξ

99 1535 141 1568 15
159 1514 388 1579 Ἰταλίας
427 1519 776 1588 φρονήματός
813 1537 871 1570 τε
908 1520 1083 1579 πλεως
1122 1517 1371 1583 οἰόμενός
1416 1535 1474 1568 τε
1516 1517 1636 1569 δεῖν
1675 1515 1846 1587 ἁμαρ-

163 1605 428 1658 τάνεσθαι
467 1603 641 1675 μηδὲν
679 1606 787 1658 ὑπὸ
825 1613 919 1675 τῆς
959 1605 1069 1658 ἐκεῖ
1109 1607 1375 1674 νεότητος.
1454 1603 1514 1656 ἐν
1561 1604 1629 1672 δὴ
1673 1608 1845 1677 μανίᾳ

163 1703 275 1746 τῶν
327 1694 470 1747 νέων
522 1695 685 1747 παύει
738 1691 840 1763 μὲν
892 1697 1023 1756 τοὺς
1074 1693 1351 1762 ποιμένας,
1403 1694 1475 1756 ὡς
1526 1694 1594 1760 δὴ
1643 1696 1847 1756 κακοὺς

163 1780 450 1851 ποιμένας,
510 1784 639 1844 τοὺς
700 1782 761 1835 δὲ
822 1780 937 1835 ἀντ’
999 1780 1226 1834 ἐκείνων
1279 1780 1543 1852 ἄρξοντας
1605 1782 1845 1851 ἀνεζήτει

76 1882 190 1925 R20
229 1879 374 1940 τρεῖς
413 1870 533 1923 ἀντὶ
571 1871 853 1923 τοσούτων
891 1869 1129 1924 ἐκείνων.
1215 1869 1447 1940 ἐπῃνεῖτ’
1489 1866 1592 1923 οὖν
1626 1868 1632 1941 Ι
1668 1872 1846 1938 Αἰγύ--

99 1980 142 2011 20
164 1960 317 2021 πτιός
376 1958 438 2012 τέ
491 1978 573 2022 τις
628 1960 705 2022 εἰς
756 1960 858 2027 τὴν
919 1958 1093 2028 ἀρχὴν
1153 1961 1380 2027 πολίτης
1439 1958 1501 2011 τέ
1557 1979 1639 2022 τις
1699 1958 1847 2028 ἐμός,

164 2048 325 2116 ἄμφω
379 2050 629 2117 παρόντε.
717 2056 811 2117 τῆς
873 2049 1174 2119 ἰσορρόπου
1233 2045 1294 2100 δὲ
1352 2048 1539 2111 αὐτοῖς
1571 2048 1844 2117 ἐὐτυχίας

283 2212 335 2250 12
369 2221 431 2251 or.
457 2207 501 2251 II
526 2213 579 2251 13
702 2213 755 2251 19
790 2223 851 2252 or.
878 2208 920 2250 H
945 2213 999 2251 14

281 2344 307 2381 4
340 2337 454 2392 οἷος·
489 2338 593 2383 κατ’
622 2340 839 2397 ἐρώτησιν
863 2341 925 2386 Vs

282 2477 305 2514 1
337 2473 466 2527 prius
499 2489 520 2517 ε
551 2472 600 2515 in
632 2471 877 2530 γενόμενος
906 2472 956 2516 in
986 2486 1060 2516 ras
1085 2473 1150 2517 1³⁵
1270 2478 1296 2515 2
1329 2472 1386 2528 δὴ
1410 2471 1460 2515 in
1482 2485 1558 2515 ras
1578 2470 1648 2515 ⁷12²
1675 2474 1681 2527 Ι
1709 2469 1839 2530 (ἂν)

161 2529 334 2573 inserui
438 2536 466 2573 4
498 2529 595 2581 οἶος
626 2546 737 2575 corr.
772 2545 827 2576 ex
851 2528 954 2577 οἷον
982 2532 1056 2586 0⁵,
1090 2544 1229 2588 supra
1260 2529 1361 2575 οἷον
1384 2530 1456 2574 Af
1512 2527 1613 2574 οἷον
1644 2530 1781 2574 PBL
1839 2587 1841 2590 ι

162 2585 233 2639 οῖς
261 2589 372 2632 Ferr
399 2590 405 2647 Ι
433 2590 599 2635 ἀνθῶν
622 2591 666 2634 L
757 2596 781 2634 7
815 2587 900 2635 οὖν
931 2605 1007 2634 om
1030 2592 1075 2635 L
1165 2595 1191 2633 8
1222 2589 1440 2648 ἡγεμόσιν
1465 2589 1835 2646 ἀκολουθοῦντα]

163 2645 386 2703 ἑπόμενον
418 2647 636 2705 ἡγεμόσιν
663 2651 707 2693 V
731 2649 787 2693 cf.
820 2650 999 2706 Eunap.
1031 2650 1111 2693 vit.
1145 2653 1174 2691 4
1203 2664 1248 2705 p.
1274 2654 1323 2703 4,
1358 2653 1410 2691 21
1452 2644 1522 2698 οἷς
1556 2648 1695 2705 ἐχρῆν
1733 2646 1841 2708 ἑπόή

162 2722 296 2762 μενος
394 2710 419 2748 9
453 2707 502 2751 ἐν
532 2709 664 2751 uncis
694 2707 884 2752 inclusit
915 2709 983 2752 Re
1013 2708 1154 2751 Anim
1268 2712 1320 2751 11
1354 2707 1507 2750 αὑτῶν
1539 2706 1703 2762 scripsi
1734 2721 1841 2750 cum

169 2765 213 2808 V
247 2767 295 2809 et
324 2765 549 2821 Wyttenb
596 2767 748 2810 αὐτῶν
790 2768 913 2824 (post
950 2767 1074 2823 quod
1107 2765 1355 2821 ἐλευθέρας
1392 2765 1617 2809 excidisse
1655 2765 1839 2822 putavit

159 2824 246 2880 Re)
277 2823 446 2880 reliqui
477 2825 585 2868 libri
617 2826 665 2869 et
691 2825 782 2868 edd
890 2831 943 2869 12
968 2824 1097 2882 παρὰ
1120 2825 1295 2869 ΑΟΡΒ
1319 2825 1421 2868 Mor
1443 2825 1511 2867 Re
1618 2829 1672 2867 13
1698 2825 1839 2883 ἔδωκε

160 2884 204 2927 L
326 2887 380 2926 14
403 2881 538 2927 τόνδε
558 2885 639 2928 VL
761 2888 814 2927 19
841 2884 1053 2944 ἐπῃνεῖτο
1085 2884 1168 2927 VL
1289 2888 1345 2927 20
1382 2900 1431 2927 τε
1463 2883 1625 2941 (prius)
1656 2896 1838 2926 erasum

162 2943 207 2986 B
245 2944 251 2998 Ι
292 2958 361 2992 τις
391 2942 552 3000 (prius)
583 2942 633 2986 in
662 2956 738 2986 ras
769 2943 839 2987 ΒΞ*
951 2948 1004 2986 21
1039 2941 1265 2999 παρόντες
1295 2942 1397 2986 Mor
1803 2954 1805 2956 ·
