2026 3168
687 160 913 206 LIBANII
945 160 1285 206 ORATIONES
1756 161 1827 214 53

256 302 395 350 Folio
436 303 569 350 404v
605 317 736 350 nova
772 317 947 350 manus
984 301 1173 364 incipit.

258 377 391 424 404v
442 376 533 423 inc.
581 370 712 423 τοῦτ’
755 372 818 424 ἂν
855 374 932 439 εἴη
970 375 1146 443 χρύσεα
1191 375 1222 422 i.
1256 392 1294 422 e.
1336 375 1549 437 epistula
1587 375 1827 424 Demetrii

149 442 420 516 Cydonii.¹)
492 449 725 511 Sequitur
761 446 806 497 τὶ
844 455 1077 498 τοσοῦτον
1114 447 1184 508 εἰς
1224 446 1275 498 σὲ
1313 447 1405 513 τὴν
1440 449 1654 514 μεγάλην
1685 448 1829 499 πόλιν

145 539 300 586 usque
340 523 404 570 ad
440 522 684 588 γίνεσθαι,
722 521 908 581 ἕπεῖδες
945 520 1092 589 γένειι
1134 517 1366 591 (fortasse
1407 516 1663 590 eiusdem).

256 597 399 645 Folio
439 598 544 645 405
586 612 716 645 nova
753 612 930 646 manus
968 597 1157 660 incipit.

262 670 522 734 Θεμιστίου
561 670 840 734 φιλοσόφου
879 669 1176 736 βασανιστὴς
1214 667 1248 736 ἢ
1288 669 1563 734 φιλόσοφος

259 747 392 792 415v
428 761 558 794 nova
596 760 773 794 manus
810 745 998 808 incipit.

257 819 390 867 415V
428 819 522 867 inc.
561 825 656 867 νῦν
695 832 746 868 σε
783 816 867 867 καὶ
898 822 1081 883 μᾶλλον
1111 820 1143 868 i.
1177 835 1215 868 e.
1247 818 1483 868 Aristidis
1515 819 1674 867 oratio
1707 817 1830 886 πρὸς

144 892 414 941 Καπίτωνα
454 886 528 960 (II
568 893 672 940 415
713 885 884 960 Dind.)

257 966 398 1015 Folio
438 967 543 1014 416
584 966 714 1015 redit
751 983 926 1016 manus
967 983 1091 1029 quae
1131 967 1307 1015 folium
1346 969 1480 1016 404*
1519 967 1753 1015 exaravit.

259 1041 363 1088 416
405 1038 558 1107 ἑτέρα·
599 1038 644 1089 τὶ
682 1046 823 1089 τοῦτο
862 1039 952 1107 χρὴ
988 1041 1186 1105 νομίσαι
1219 1041 1433 1105 epistula
1462 1040 1702 1089 Demetrii
1734 1039 1829 1103 Gy-

147 1114 282 1162 donii
315 1108 408 1182 (19
436 1115 507 1162 ed.
533 1108 714 1181 Boiss.)
727 1107 785 1182 2),
818 1115 955 1163 cuius
988 1117 1062 1164 est
1093 1115 1242 1163 etiam
1267 1130 1473 1178 sequens
1498 1130 1624 1177 quae
1649 1114 1830 1162 desinit

146 1189 268 1237 folio
310 1191 415 1237 417
455 1188 617 1237 verbis
656 1186 867 1247 πολλοὺς
906 1187 1121 1254 ἔγνωμεν
1160 1188 1263 1238 δεῖν
1301 1181 1658 1255 πιανθῆναι3);

257 1262 351 1310 Per
388 1264 551 1310 totum
590 1262 807 1310 codicem
851 1263 1281 1327 neglegentissime
1314 1263 1615 1325 descriptum
1653 1277 1829 1310 manus

147 1336 360 1384 secunda
397 1338 595 1386 versata
634 1338 721 1384 est.

257 1409 356 1458 Leo
395 1410 614 1458 Allatius
659 1410 894 1458 lectiones
942 1410 1274 1473 discrepantes
1322 1426 1379 1459 ex
1424 1411 1516 1459 hoc
1564 1410 1727 1458 codice
1767 1410 1831 1458 ad

147 1484 364 1546 quinque
404 1485 651 1533 orationes
698 1484 1176 1547 declamationesque
1229 1485 1281 1532 in
1327 1485 1603 1548 marginem
1649 1484 1830 1532 codicis

146 1558 406 1606 Barberini
455 1558 674 1620 rettulit,
722 1560 780 1606 ut
831 1559 990 1607 elucet
1037 1575 1062 1607 e
1108 1558 1271 1607 verbis
1321 1559 1382 1607 ab
1428 1559 1521 1607 hoc
1566 1559 1624 1607 in,
1664 1574 1763 1607 uno
1804 1574 1830 1606 e

146 1631 281 1680 foliis
320 1632 601 1693 praemissis
637 1632 856 1694 scriptis:

257 1706 464 1754 Libani&
502 1708 741 1755 orationes
779 1705 901 1772 πρὸς
938 1703 1177 1772 ἄντιοχεῖς
1215 1704 1324 1772 περὶ
1362 1712 1449 1770 τῆς
1479 1712 1567 1755 τοῦ
1597 1704 1833 1771 βασιλέως

148 1776 297 1845 ὀργῆς
333 1796 388 1840 p.
423 1781 552 1836 305,
602 1778 711 1846 περὶ
749 1786 835 1844 τῆς
873 1780 1104 1846 τιμωρίας
1144 1779 1397 1829 ιὀυλιανοῦ
1440 1796 1488 1840 p.
1530 1782 1660 1837 302,
1708 1779 1832 1846 πρὸς

147 1852 262 1911 τοὺς
301 1851 460 1919 βαρὺν
499 1851 652 1903 αὐτὸν
690 1851 983 1913 καλέσαντας
1011 1870 1066 1916 p.
1100 1856 1222 1917 326,
1271 1853 1394 1920 πρὸς
1439 1853 1525 1903 τὸν
1570 1852 1832 1921 γράψαντα

143 1926 232 1976 τὸν
271 1924 447 1975 ἑαυτοῦ
494 1927 647 1975 παῖδα
692 1926 995 1991 βουλεύσεως
1032 1943 1086 1989 p.
1131 1928 1220 1985 51,
1259 1927 1381 1994 πρὸς
1427 1926 1610 1993 ἐρῶντα
1657 1927 1831 1994 φιλάρ-

147 2018 301 2067 γυρον
330 2016 386 2061 p.
422 2002 492 2049 92
529 2002 728 2049 collatae
764 2005 879 2049 swnt
915 2017 1024 2050 cwm
1062 2002 1218 2051 codice
1251 2001 1534 2050 Cardinalis
1565 2002 1833 2051 Barberv'm'

149 2079 191 2123 et
227 2077 474 2123 variantes
512 2075 730 2123 lectiones
767 2077 868 2123 sive
904 2076 1238 2136 supplementa
1269 2078 1483 2136 ascripta
1513 2078 1568 2124 in
1597 2078 1832 2136 marffl'sne.

146 2148 250 2197 Leo
286 2145 519 2196 Allatius.
583 2147 654 2196 Of.
693 2165 741 2210 p.
777 2149 859 2197 33.

258 2222 369 2284 Ipse
417 2222 631 2270 codicem
676 2222 863 2270 Romae
910 2222 1051 2270 annis
1102 2223 1406 2272 1868—70
1455 2223 1733 2272 examinavi
1782 2226 1832 2272 et

149 2298 389 2358 quantum
427 2311 621 2344 necesse
659 2296 822 2345 visum
860 2298 936 2344 est
973 2296 1173 2344 contuli.

262 2372 344 2419 11.
378 2367 540 2418 Codex
570 2369 884 2418 Parisinus
916 2385 1165 2434 graecus
1199 2371 1339 2420 3016
1369 2364 1462 2438 (=
1480 2364 1601 2438 Par)
1626 2371 1829 2434 bomby-

149 2443 284 2491 cinus
324 2443 511 2491 formae
550 2446 753 2492 octavae
794 2444 981 2492 saeculi
1016 2444 1108 2491 XV
1145 2444 1383 2506 ineuntis,
1428 2445 1572 2494 valde
1620 2445 1862 2493 detritus*

147 2532 237 2564 nec
273 2519 435 2565 minus
480 2518 680 2566 madore
721 2533 869 2579 quam
909 2517 1043 2566 foliis
1090 2518 1282 2566 amissis
1322 2519 1604 2567 detrimenti
1650 2534 1823 2582 passus

148 2594 234 2639 est.
314 2590 449 2647 Quae
487 2591 633 2639 hodie
674 2607 730 2639 eo
770 2592 1085 2640 continentur
1121 2592 1242 2640 haec
1281 2595 1415 2640 sunt:

257 2664 361 2712 Fol.
407 2667 434 2712 1
484 2666 576 2713 inc.
625 2660 766 2729 [οὐ]κ
812 2664 927 2729 ἐξῆν
973 2663 1207 2732 πρότερον
1253 2667 1283 2714 i.
1322 2683 1360 2714 e.
1400 2666 1523 2733 πρὸς
1566 2665 1831 2716 Θεοδόσιον

269 2850 310 2904 1)
343 2847 409 2892 cf.
443 2862 584 2905 supra
614 2864 657 2906 p.
686 2854 754 2893 38.

268 2907 312 2962 2)
344 2904 410 2951 Of.
444 2920 584 2964 supra
614 2923 658 2964 p.
684 2912 739 2951 42
772 2911 866 2953 not.
901 2913 941 2952 2.

270 2965 312 3018 3)
343 2963 515 3022 Incipit
542 2965 695 3010 verbis
727 2966 830 3011 ἴσθι
861 2967 912 3011 τὸ
947 2967 1100 3012 ἔλαιον
1133 2967 1189 3011 cf.
1224 2981 1365 3025 supra
1394 2968 1424 3012 1.
1450 2968 1480 3012 l.

1865 2378 1916 2417 11
