2026 3168
711 165 941 210 LIBANII
972 163 1313 210 ORATIONES
1751 167 1852 219 147

175 297 244 354 δὲ
280 301 385 354 καὶ
426 300 624 354 αὐτὸν
661 299 873 361 ἐκεῖσε
912 300 1040 369 μετ’
1087 300 1243 370 ἐμοῦ
1289 303 1508 371 δεήσει
1547 304 1855 371 βαδίζειν.

175 389 556 458 ἀσπασάμενος
596 390 664 458 δή
701 410 766 457 με
807 391 1119 459 δακρύοντα
1166 390 1232 443 οὐ
1282 391 1540 460 δακρύων
1584 392 1688 459 ἤδη
1736 391 1855 458 βλέ-

172 496 293 530 πων
330 478 397 530 τὰ
433 487 544 530 τῶν
584 482 820 548 Περσῶν
861 479 1025 546 κακά,
1065 479 1351 548 γράμματα
1392 480 1598 532 ὕστατα
1642 479 1856 548 πέμψας

173 566 278 619 ἀπὸ
318 575 429 619 τῶν
467 575 562 635 τῆς
600 567 766 637 ἀρχῆς
806 568 954 637 ὅρων
998 569 1203 636 ἤλαυνε
1250 575 1355 635 γῆν
1399 567 1636 636 τέμνων,
1675 569 1856 635 κώμας

172 654 449 725 ἁρπάζων,
512 657 756 726 φρούρια
817 656 1135 725 λαμβάνων,
1196 658 1473 723 ποταμοὺς
1535 657 1855 726 διαβαίνων,
1903 678 1922 710 5

171 747 318 813 τείχη
358 748 678 814 κατασείων,
717 747 905 807 πόλεις
944 746 1138 815 αἱρῶν·
1203 745 1324 798 133.
1363 746 1453 798 καὶ
1492 746 1704 798 τούτων
1736 745 1855 798 ἕκα-

172 847 305 886 στον
341 834 573 901 ἤγγελλε
611 831 713 900 μὲν
752 834 952 902 οὐδείς,
991 835 1093 902 τὴν
1141 834 1202 887 δὲ
1247 844 1359 887 τῶν
1405 833 1664 903 ὁρώντων
1702 834 1855 903 ἡμεῖς

132 922 380 991 ’ἡδονὴν
425 922 675 990 ἡδόμεθα
720 923 1086 990 πιστεύοντες,
1135 921 1168 974 ἃ
1214 924 1281 991 δὴ
1329 923 1419 975 καὶ
1467 922 1730 991 ἐγίγνετο,
1769 942 1855 990 γε-

171 1011 467 1079 νήσεσθαι,
528 1011 664 1081 πρὸς
724 1013 824 1064 τὸν
885 1012 1064 1081 ἄνδρα
1130 1011 1544 1079 ἀποβλέποντες.
1636 1010 1754 1064 ἀλλ’
1821 1012 1854 1080 ἡ

180 1100 324 1169 Τύχη
379 1101 482 1170 γὰρ
536 1101 602 1153 τὰ
648 1100 837 1169 αὑτῆς,
883 1101 1237 1167 κωμάσαντος
1283 1102 1386 1170 γὰρ
1435 1102 1571 1154 κατὰ
1619 1104 1854 1170 Περσῶν
1879 1123 1921 1155 10

170 1196 270 1241 τοῦ
317 1196 551 1258 στρατοῦ
600 1191 794 1258 φόνοις
839 1208 897 1241 τε
942 1188 1033 1241 καὶ
1081 1200 1309 1260 τροπαῖς
1347 1189 1524 1257 ἀγῶσί
1565 1209 1622 1242 τε
1662 1210 1855 1257 γυμνι-

170 1286 288 1339 κοῖς
325 1276 415 1329 καὶ
457 1278 713 1346 ἱππικοῖς,
754 1276 788 1329 ἃ
825 1283 1167 1331 κατεθεῶντο
1208 1278 1312 1331 ἀπὸ
1343 1287 1456 1331 τῶν
1488 1276 1763 1341 ἐπάλξεων
1801 1279 1854 1330 οἱ

170 1368 564 1434 Κτησιφῶντος
596 1367 875 1436 οἰκήτορες
915 1363 1046 1419 οὐδὲ
1084 1373 1159 1439 τῷ
1185 1367 1344 1435 πάχει
1382 1374 1483 1420 τοῦ
1515 1369 1728 1435 τείχους
1767 1385 1854 1419 πι-

170 1454 386 1507 στεύειν
431 1456 664 1523 ἔχοντες,
712 1462 811 1507 τοῦ
858 1474 916 1507 τε
953 1457 1160 1524 Μήδου
1209 1457 1302 1508 διὰ
1339 1458 1630 1525 πρεσβείας
1667 1475 1724 1508 τε
1763 1453 1853 1507 καὶ

170 1544 365 1612 δώρων
403 1541 706 1610 ἐγνωκότος
747 1544 1025 1612 ἱκετεύειν,
1058 1541 1194 1613 μηδὲ
1234 1545 1338 1614 γὰρ
1370 1552 1511 1597 νοῦν
1542 1547 1687 1614 ἔχειν
1716 1545 1852 1614 πρὸς
1877 1564 1918 1597 15

169 1632 404 1699 δαίμονα
451 1633 628 1702 ἄνδρα
665 1633 964 1701 μάχεσθαι,
1010 1642 1122 1686 τῶν
1169 1634 1236 1702 δὴ
1275 1632 1560 1702 πρέσβεων
1599 1632 1687 1686 ἐπὶ
1724 1635 1853 1695 τοὺς

168 1721 369 1783 ἵππους
415 1720 829 1788 ἀναβαινόντων
863 1720 869 1790 Ι
905 1722 1067 1790 αἰχμὴ
1121 1729 1219 1774 τοῦ
1268 1723 1594 1790 σοφωτάτου
1636 1724 1792 1789 βασι·
1821 1734 1863 1777 R
1884 1738 1934 1776 91

168 1807 303 1870 λέως
348 1817 585 1875 τεμοῦσα
631 1811 731 1878 τὴν
777 1811 986 1878 λαγόνα
1033 1809 1216 1880 βρέχει
1260 1817 1335 1883 τῷ
1368 1818 1467 1863 τοῦ
1506 1812 1854 1879 νενικηκότος

169 1897 354 1965 αἵματι
399 1898 500 1966 τὴν
543 1907 655 1950 τῶν
701 1898 1026 1967 ἡττωμένων
1063 1907 1169 1967 γῆν
1207 1898 1298 1951 καὶ
1336 1908 1484 1952 ποιεῖ
1521 1900 1619 1953 τὸν
1655 1918 1851 1968 πεφρι-

167 1987 299 2038 κότα
336 1995 448 2038 τῶν
487 1987 802 2039 διωκόντων
840 1988 1052 2057 κύριον.
1132 1988 1250 2041 134.
1306 1994 1380 2061 τῷ
1412 1985 1515 2056 μὲν
1555 1989 1621 2056 δὴ
1663 1987 1849 2057 Πέρσῃ
1874 2007 1918 2040 20

167 2073 294 2143 παρ’
356 2076 664 2144 αὐτομόλου
720 2076 871 2137 τινὸς
923 2081 1128 2142 μαθεῖν
1180 2075 1438 2146 ὑπῆρξεν,
1493 2075 1554 2130 ἐν
1609 2077 1713 2148 ὅτῳ
1767 2081 1849 2145 εἴη

167 2163 346 2231 τύχης,
378 2163 510 2231 ἡμῖν
542 2160 602 2216 δὲ
633 2172 749 2226 τοῖς
775 2162 1148 2233 Ἀντιοχεῦσιν
1180 2165 1494 2235 ἀνθρώπων
1517 2162 1619 2232 μὲν
1651 2166 1849 2234 οὐδείς,

168 2250 382 2318 σεισμοὶ
424 2248 484 2304 δὲ
522 2250 810 2320 ἐγίγνοντο
857 2261 956 2305 τοῦ
1003 2261 1176 2306 κακοῦ
1214 2255 1449 2322 μηνυταὶ
1487 2257 1702 2307 πόλεων
1739 2263 1850 2306 τῶν

168 2338 229 2392 ἐν
273 2347 337 2410 τῇ
379 2343 720 2411 Παλαιστίνῃ
769 2343 953 2411 Συρίᾳ
998 2351 1110 2394 τῶν
1155 2339 1258 2411 μὲν
1295 2342 1449 2413 μέρη,
1487 2344 1583 2405 τὰς
1621 2340 1681 2395 δὲ
1721 2343 1850 2404 ὅλας

167 2431 601 2496 κατενεγκόντες·
649 2428 826 2482 ἐδόκει
873 2430 976 2500 γὰρ
1025 2430 1155 2498 ἡμῖν
1201 2430 1229 2484 ὁ
1275 2433 1410 2494 θεὸς
1454 2432 1712 2499 μεγάλοις
1747 2432 1854 2484 πά-
1872 2449 1914 2482 25

229 2587 506 2691 153HIuliag18.
531 2602 602 2645 ep.
628 2593 683 2632 27
709 2590 779 2633 ed.
803 2589 951 2633 Hertl.
1068 2594 1119 2633 11
1155 2604 1217 2633 or.
1242 2589 1391 2634 XVIII
1413 2593 1446 2635 13.
1470 2591 1492 2634 Ι
1516 2595 1613 2646 605,
1642 2596 1696 2635 15
1715 2606 1780 2647 sq.
1805 2591 1847 2634 R

356 2682 365 2691 ·
399 2664 425 2703 Q

286 2797 312 2835 2
352 2793 411 2848 δή
450 2794 613 2851 scripsi
652 2809 677 2839 e
707 2795 840 2854 lipris
876 2798 924 2839 et
953 2796 1064 2839 Fen·
1135 2794 1188 2840 δέ
1218 2796 1328 2840 Fen·
1358 2797 1408 2839 in
1439 2810 1572 2854 marg
1594 2797 1696 2840 Mor
1719 2797 1787 2840 Re

169 2854 194 2892 3
224 2857 318 2895 τῶν
341 2865 416 2895 om
434 2853 515 2897 VL
616 2859 670 2898 10
703 2855 845 2911 αὐτῆς
868 2857 910 2898 A
974 2855 1118 2910 αὐτῆς
1142 2855 1238 2899 PV
1322 2860 1375 2899 11
1410 2856 1539 2911 φόνω
1564 2857 1646 2900 VL
1736 2861 1792 2899 23
1824 2872 1845 2899 ε

166 2909 218 2952 in
253 2908 431 2955 πόλεων
468 2912 517 2955 in
555 2926 631 2956 ras
666 2914 729 2958 0¹²
878 2918 934 2957 24
973 2912 1287 2971 Παλαιστίνης
1316 2916 1363 2958 Β
1394 2915 1524 2970 Ferr,
1564 2933 1618 2972 γρ
1657 2915 1759 2959 Mor
1795 2914 1845 2958 in

166 2981 301 3026 marg
334 2970 340 3027 Ι
380 2970 462 3013 καὶ
491 2970 612 3015 inter
641 2974 757 3016 Παλ.
791 2974 839 3016 ef,
867 2975 981 3027 Συρ.
1013 2973 1137 3016 inser
1166 2973 1234 3016 Re

1494 3046 1578 3090 10*
