2026 3168
721 122 949 167 LIBANII
980 121 1320 166 ORATIONES
1791 121 1861 174 69

181 281 250 327 gr.
286 264 444 324 3016,
482 262 710 310 Reiskius
748 264 945 324 praeter
984 262 1249 310 editionem
1280 262 1643 310 Ferrariensem
1678 264 1727 310 et
1758 262 1862 311 Mo·

180 338 441 385 rellianam
472 336 719 385 codicibus
742 337 1035 400 Augustano
1068 338 1118 383 et
1132 336 1589 385 Wolfenbuttelano
1620 336 1699 383 usi
1732 338 1861 400 sunt,

182 411 233 458 id
282 411 382 458 fere
432 426 530 458 non
581 410 823 473 singulari
873 411 1049 458 horum
1100 409 1325 458 codicum
1374 411 1556 472 pretio,
1611 410 1696 457 sed
1745 410 1863 457 forti

181 485 410 533 fortunae
456 484 673 532 dandum
720 486 806 532 est.
883 483 1157 546 Usurpavit
1196 499 1341 546 quem
1369 484 1589 567 quisque
1627 483 1863 531 facillime

182 558 398 606 nancisci
435 558 601 619 potuit
640 557 867 606 codicem.
943 557 1046 606 Nos
1090 560 1257 606 autem
1297 557 1384 619 qui
1432 558 1650 606 omnium
1697 573 1864 620 super·

181 633 354 679 stitum
404 632 626 680 codicum
677 633 869 695 copiam
916 631 1175 692 habemus,
1228 631 1481 680 videamus
1531 646 1724 680 necesse
1777 634 1865 694 est,

182 721 304 768 quos
344 705 491 754 duces
531 706 785 769 eligamus,
826 721 948 767 quos
987 721 1290 768 spernamus.
1361 705 1502 762 Quod
1537 707 1594 753 ut
1623 705 1724 767 fiat,
1763 706 1863 767 pri-

180 797 315 827 mum
355 795 452 842 quo
492 780 752 827 affinitatis
790 780 988 828 vinculo
1027 779 1104 826 illi
1151 780 1399 828 coniuncti
1446 779 1558 841 sint,
1610 779 1867 841 exploran-

183 853 301 901 dum
341 856 426 901 est.

293 926 388 984 Qui
434 930 602 975 autem
647 927 788 975 nobis
837 927 1019 976 servati
1067 930 1182 976 sunt
1229 927 1418 975 codices
1458 942 1624 976 omnes
1668 926 1732 974 ad
1770 926 1866 975 duo

181 1001 390 1049 redeunt
443 1002 731 1064 apographa
785 995 836 1060 (b
888 1003 937 1049 et
986 995 1032 1068 c)
1089 1001 1267 1050 codicis
1323 1002 1579 1063 archetypi
1630 994 1710 1067 (a)
1764 1001 1867 1048 iam

181 1075 475 1124 lectionibus
521 1075 875 1139 marginalibus
921 1076 952 1122 i.
994 1091 1032 1123 e.
1081 1075 1360 1138 duplicibus
1398 1075 1626 1137 praediti.
1702 1074 1772 1122 Ut
1819 1091 1866 1136 a,

182 1150 255 1196 ita
295 1150 321 1197 b
361 1151 412 1197 et
450 1165 473 1197 c
509 1149 825 1212 interierunt3
878 1149 998 1197 item
1045 1149 1142 1198 duo
1186 1166 1210 1196 e
1252 1151 1278 1197 b
1325 1149 1461 1197 facta
1508 1148 1795 1212 apographa
1834 1150 1867 1197 d

183 1226 233 1271 et
272 1239 316 1284 ες
366 1224 487 1270 item
526 1223 621 1271 duo
661 1239 686 1270 e
726 1224 759 1270 d
797 1223 931 1271 facta
970 1224 1259 1287 apographa
1295 1225 1327 1284 f
1358 1225 1408 1270 et
1441 1239 1485 1284 y.
1562 1223 1867 1286 Apographa

184 1299 350 1345 autem
390 1314 414 1345 e
452 1300 483 1357 f
520 1298 655 1344 facta
701 1298 896 1344 servata
947 1299 1061 1345 sunt
1110 1296 1260 1345 codex
1308 1295 1631 1345 Chisianus
1683 1297 1868 1344 saeculi

182 1366 380 1435 XIsXII
418 1374 468 1418 et
505 1370 947 1418 Laurentianus
986 1370 1128 1418 LVII
1167 1373 1234 1419 27
1276 1385 1404 1418 anno
1441 1372 1580 1419 1392
1623 1372 1867 1418 exaratus.

182 1444 223 1491 Ε
263 1444 596 1493 Laurentiano
636 1444 907 1506 descriptus
947 1447 1022 1492 est
1068 1445 1263 1493 saeculo
1301 1444 1393 1492 XV
1431 1443 1868 1492 Wolfenbutte-

183 1519 378 1580 lanus,
419 1535 476 1566 ex
513 1519 606 1566 hoc
644 1518 787 1566 fiuxit
826 1518 978 1572 editio
1017 1518 1448 1582 Ferrariensis,
1490 1534 1547 1565 ex
1584 1519 1678 1567 hac
1718 1518 1868 1566 codex

182 1593 627 1646 Escurialensis
668 1592 707 1638 Τ
739 1592 790 1639 Π
832 1594 877 1641 9.
935 1625 939 1629 ,

294 1667 368 1713 Ex
409 1667 565 1714 altero
606 1667 892 1729 apographo
933 1683 958 1714 e
998 1667 1030 1714 d
1067 1667 1201 1715 facto
1242 1659 1316 1733 (9)
1357 1666 1603 1714 fluxerunt
1645 1665 1741 1713 duo
1790 1681 1869 1714 co-

184 1740 336 1788 dices:
390 1741 584 1788 saeculo
623 1740 741 1787 XIV
790 1740 1087 1802 Patmius,
1139 1741 1332 1788 saeculo
1379 1740 1471 1787 XV
1509 1740 1868 1788 Vaticanus

185 1830 257 1877 gn
301 1815 420 1861 939.

296 1887 371 1934 Ex
411 1888 565 1935 altero
605 1891 771 1935 autem
809 1903 834 1934 e
876 1889 903 1935 b
942 1888 1075 1935 facto
1116 1888 1400 1951 apographo
1441 1902 1464 1935 e
1502 1887 1748 1935 fluxerunt
1790 1903 1869 1935 co-

185 1961 277 2008 dex
308 1960 700 2024 Augustanus
740 1962 934 2009 saeculo
966 1962 1009 2011 X
1050 1962 1099 2008 et
1137 1961 1479 2025 apographum
1516 1961 1662 2009 hodie
1698 1962 1868 2023 deper-

185 2035 345 2082 ditum
382 2036 434 2095 Ῑις
484 2051 541 2082 ex
578 2035 670 2083 hoc
703 2028 778 2102 (h)
819 2034 1136 2083 Palatinus
1176 2052 1246 2098 gr.
1269 2036 1385 2092 ‚282
1427 2035 1622 2083 saeculo
1662 2035 1780 2083 XIV
1820 2037 1870 2082 et

185 2109 525 2172 apographum
564 2108 683 2156 item
722 2108 1033 2171 deperditum
1070 2111 1111 2170 i,
1159 2125 1183 2156 e
1225 2125 1320 2171 quo
1361 2110 1554 2157 saeculo
1594 2109 1686 2156 XV
1725 2109 1868 2156 Bar-

183 2182 425 2231 berinus
465 2185 514 2230 et
551 2183 993 2246 Neapolitanus
1032 2182 1083 2230 H
1122 2183 1162 2229 Ε
1201 2184 1266 2230 18
1309 2182 1544 2245 descripti
1583 2185 1710 2231 sunt.

295 2256 404 2304 Iam
450 2257 492 2304 si
538 2256 742 2304 alterius
788 2271 846 2303 ex
893 2257 1159 2319 archetypo
1200 2250 1279 2323 (a)
1322 2257 1446 2304 facti
1484 2257 1758 2320 apographi
1798 2249 1869 2323 (c)

186 2331 290 2378 fata
330 2330 659 2394 aggredimur,
706 2347 763 2378 ex
801 2331 894 2378 1100
932 2330 1179 2378 fluxerunt
1215 2330 1700 2379 Vindobonensis
1746 2330 1867 2392 phil.

186 2419 343 2467 graec
374 2402 539 2452 XCIII
570 2405 763 2453 saeculo
795 2403 893 2451 XII
931 2406 981 2452 et
1011 2405 1351 2468 apographum
1382 2403 1526 2452 hodie
1558 2403 1869 2476 deperditum

186 2478 236 2538 kg
276 2493 333 2524 ex
364 2478 456 2525 hoc
488 2478 638 2526 codex
668 2478 984 2526 Parisinus
1024 2494 1094 2541 gr.
1130 2479 1270 2526 3016
1313 2479 1507 2527 saeculo
1538 2478 1631 2525 XV
1669 2479 1719 2526 et
1750 2493 1865 2539 apo-

186 2552 429 2613 graphum
467 2551 587 2599 item
626 2551 936 2614 deperditum
974 2552 1006 2611 l,
1046 2567 1071 2599 e
1104 2568 1200 2614 quo
1231 2554 1558 2600 manaverunt
1588 2551 1738 2599 codex
1768 2551 1868 2598 Va-

185 2625 423 2673 ticanus
468 2641 539 2688 gr.
582 2626 648 2672 82
702 2626 898 2674 saeculo
946 2624 1063 2672 XIV
1114 2627 1164 2673 et
1209 2625 1572 2674 Laurentianus
1618 2624 1759 2672 LVII
1798 2626 1868 2672 20

187 2699 380 2746 saeculo
419 2699 524 2745 XV.

297 2769 436 2827 Quod
465 2774 526 2819 ut
554 2788 651 2820 uno
684 2773 936 2820 oculorum
967 2775 1229 2835 conspectu
1258 2773 1664 2835 comprehendere
1694 2772 1867 2835 possis,

186 2842 279 2891 hoc
316 2844 408 2892 tibi
447 2848 655 2893 stemma
691 2861 936 2908 propono:
