2026 3168
700 180 928 225 LIBANII
959 179 1302 226 ORATIONES
1738 177 1848 232 299

151 318 258 386 ἤδη
310 318 516 387 χρόνον
565 314 964 387 ἐξεληλαμένον
1013 316 1087 380 ὡς
1135 316 1365 387 ὑβρίζον
1413 316 1475 369 τὸ
1526 322 1706 385 σχῆμα
1754 322 1851 384 τῆς

150 407 454 476 πολιτείας,
514 404 855 459 ἄνενεώσατό
916 425 974 459 τε
1032 405 1124 459 καὶ
1183 405 1354 459 πάλιν
1413 413 1528 468 τοῖς
1590 403 1851 458 ἁπάντων

155 495 473 563 ὀφθαλμοῖς
512 493 681 558 ἔδειξε
720 495 980 565 κρύπτων
1017 495 1078 547 τὸ
1118 501 1218 547 τοῦ
1265 492 1597 562 ξαινομένου
1635 495 1849 563 πρόσω·

154 600 266 636 πον
303 581 401 652 ὑφ’
450 581 634 655 ἑτέρω,
672 586 833 646 πῖλος
870 581 1017 636 τοῦτ’
1064 585 1216 636 ἔστιν
1254 584 1335 645 εἰς
1372 584 1510 635 ὄνου
1548 584 1850 652 πρόσωπον

158 671 550 742 πεποιημένος,
610 675 811 741 μιγνὺς
870 679 946 745 τῷ
999 673 1233 744 τοιούτῳ
1294 677 1442 743 κακῷ
1496 670 1706 739 γέλωτα
1758 668 1850 723 καὶ
1897 691 1918 724 5

152 759 479 831 προστιθεὶς
517 762 611 814 διὰ
648 768 743 829 τῆς
780 760 1020 831 τέρψεως
1058 769 1123 831 τῇ
1164 767 1427 831 συμφορᾷ
1463 761 1759 823 ποιοῦντός
1795 778 1850 813 τι

153 850 246 903 καὶ
284 857 384 904 τοῦ
424 851 683 913 κώδωνος
728 851 820 903 καὶ
857 851 958 904 τὸν
1002 851 1306 919 γενόμενον
1344 848 1416 902 ἂν
1464 850 1558 902 διὰ
1603 858 1715 902 τῶν
1753 849 1850 902 δα-

151 940 342 1010 κρύων
388 941 546 992 ἔλεον
591 937 862 1009 ε’ξορίζων.
939 939 1025 992 38.
1071 939 1162 991 καὶ
1199 939 1422 1002 ταύταις
1460 946 1579 1001 ταῖς
1616 942 1851 1007 πληγαῖς

148 1029 393 1090 πολλοὺς
424 1027 749 1090 ἀποκτείνας
779 1027 882 1080 οὐκ
905 1027 1226 1081 ἀποκτεῖναί
1244 1041 1399 1096 φησι,
1432 1027 1576 1080 διότι
1598 1031 1848 1096 πληγαῖς.

156 1119 273 1169 ἔστι
323 1116 386 1169 δὲ
435 1123 599 1170 τοῦτο
649 1119 836 1188 πολλῷ
885 1117 1203 1186 δεινότερον
1250 1117 1470 1186 βραδὺν
1519 1114 1635 1169 ἀντ’
1693 1113 1848 1180 ὀξέος
1871 1137 1915 1169 ιο

151 1212 358 1258 ποιοῦν
395 1212 494 1258 τοῦ
543 1205 794 1258 θανάτου
834 1206 933 1258 τὸν
969 1207 1193 1275 τρόπον.
1269 1207 1448 1258 καίτοι
1483 1203 1490 1275 Ι
1526 1205 1753 1274 χρηστοὶ
1782 1217 1826 1261 R.
1848 1221 1936 1260 223

153 1291 256 1361 μὲν
288 1293 391 1347 οὐκ
422 1290 564 1361 ἦσαν
596 1288 768 1363 οὗτοι,
808 1294 1045 1364 πονηροὶ
1077 1290 1138 1347 δὲ
1179 1293 1280 1362 οὐχ
1320 1293 1496 1356 οὕτως
1528 1292 1588 1346 ἐν
1619 1298 1850 1357 κλοπαῖς

148 1396 263 1435 τισι
307 1390 528 1452 μικραῖς
574 1384 754 1435 ὄντων
792 1383 980 1445 αὐτοῖς
1017 1392 1130 1435 τῶν
1169 1381 1539 1451 ἐγκλημάτων,
1587 1377 1668 1435 ὧν
1706 1384 1850 1436 ἔνιοι

152 1477 353 1524 ναῦται
389 1472 525 1539 μετὰ
554 1473 829 1539 ναυαγίαν
866 1478 1037 1524 ταῦτα
1067 1470 1489 1541 ἠναγκασμένοι.
1552 1469 1670 1524 ἀλλ’
1702 1470 1849 1540 ὅμως

150 1558 292 1629 [καὶ]
334 1558 691 1628 ἀπέθνησκον
728 1560 818 1613 καὶ
856 1547 1302 1629 μαστιγούμενοι.
1870 1581 1913 1614 15

265 1649 352 1702 39.
401 1651 557 1711 Τι’νες
597 1644 702 1701 οὖν
733 1649 786 1701 οἱ
818 1650 1019 1715 μισθοί
1045 1662 1148 1702 σου
1180 1656 1276 1717 τῆς
1306 1652 1514 1717 πολλῆς
1548 1647 1845 1715 συνέσεως;

148 1737 206 1790 οἱ
246 1741 544 1807 ληροῦντες
582 1738 736 1806 ἡμεῖς
776 1736 991 1806 ὁρῶμέν
1030 1751 1090 1790 σε
1129 1736 1401 1806 τρέμοντα
1438 1756 1496 1790 τε
1535 1735 1626 1790 καὶ
1667 1744 1851 1811 σαυτῷ

147 1827 341 1895 φυγὴν
394 1824 760 1894 ἐπιβάλλοντα
812 1825 904 1879 καὶ
958 1829 1224 1895 ζητοῦντα
1269 1827 1436 1879 πόλιν
1481 1823 1582 1888 ἔξω
1631 1828 1847 1897 Συρίας

146 1921 245 1983 τῆς
283 1913 596 1983 ἀρχθείσης.
674 1914 849 1978 οὕτως
894 1917 1076 1985 ἤρχθη
1115 1917 1308 1977 καλῶς.
1385 1914 1493 1967 ὑπὸ
1534 1911 1596 1967 δὲ
1636 1917 1847 1985 φρονή-

146 2017 288 2065 σεως
317 2003 602 2073 κηρύττεις
634 2002 664 2056 ὃ
695 2006 958 2073 ποιήσεις,
990 2004 1182 2074 κύριος
1213 2003 1293 2055 ὢν
1324 2010 1552 2057 σιωπᾶν.
1614 2003 1702 2056 40.
1734 2002 1842 2073 ἐγὼ
1867 2027 1913 2059 20

150 2087 213 2143 δὲ
264 2096 393 2154 ἴσως
439 2089 540 2154 ἔξω
580 2092 679 2144 τὸν
718 2092 784 2145 οὐ
832 2099 1059 2146 τοιαῦτα
1105 2090 1232 2161 περὶ
1272 2091 1406 2159 ἐμοῦ
1447 2090 1702 2161 λέγοντα,
1753 2085 1846 2146 οἷα

270 2284 296 2323 6
327 2282 615 2339 προστιθεὶς]
648 2281 752 2337 ἥτοι
785 2282 940 2335 αὔξων
967 2283 1011 2325 V

271 2463 293 2502 1
335 2475 359 2502 ο
398 2459 447 2501 in
487 2456 814 2515 ἐξεληλαμένον
852 2460 902 2502 in
932 2459 1102 2502 lacuna
1136 2459 1261 2503 inser
1294 2461 1355 2504 M
1365 2459 1382 2484 ⁸
1423 2460 1429 2517 Ι
1471 2457 1669 2518 ὑβρίζων
1695 2461 1781 2504 Mo
1824 2474 1829 2478 ·

148 2515 339 2591 ὑβρίζον
363 2519 398 2561 Ι
489 2523 515 2561 5
539 2521 704 2562 τοιῶδε
722 2519 833 2563 ΒΜ
844 2518 979 2574 Bong
1085 2523 1110 2561 6
1137 2517 1290 2575 ὄψεως
1313 2519 1424 2563 ΒΜ
1443 2518 1578 2575 Bong
1673 2522 1698 2561 9
1724 2519 1843 2562 ἀπο-

150 2574 335 2627 κτείνας
364 2577 560 2627 πολλοὺς
590 2577 731 2621 ΙΒΜ
757 2577 891 2633 Bong
1035 2581 1090 2620 10
1120 2578 1275 2635 τοῦτο]
1310 2577 1361 2622 τὸ
1395 2576 1513 2622 ουτω
1548 2579 1633 2622 Mo
1674 2577 1681 2635 Ι
1722 2577 1842 2621 πολὺ

152 2635 263 2679 ΒΜ
283 2635 416 2692 Bong
442 2636 449 2693 Ι
477 2636 668 2693 spiritus
701 2638 748 2679 et
778 2636 801 2688 ξ
833 2636 881 2679 in
916 2634 1044 2689 ὀξέος
1073 2637 1123 2679 in
1153 2650 1229 2680 ras
1252 2636 1318 2681 P²
1447 2641 1498 2680 11
1533 2636 1731 2694 χρηστὸν
1757 2638 1842 2681 Mo

214 2698 266 2737 12
300 2693 446 2744 οὕτως
483 2707 539 2738 ex
578 2693 692 2745 ὅτως
732 2708 843 2738 corr.
881 2695 944 2740 0¹²
1096 2699 1150 2739 15
1189 2696 1270 2739 καὶ
1308 2709 1384 2739 om
1426 2697 1510 2741 UP
1546 2695 1628 2738 sed
1666 2695 1715 2738 in
1753 2695 1843 2738 hoc

151 2765 314 2796 rasura
355 2754 497 2797 trium
540 2753 805 2798 litteram
908 2753 1163 2798 cancellavi
1316 2759 1368 2798 17
1401 2753 1531 2810 ἡμεῖς
1572 2768 1647 2797 om
1670 2754 1805 2811 Bong

150 2827 198 2855 τε
230 2825 307 2855 om
340 2814 423 2857 Mo
546 2816 599 2856 18
632 2829 688 2870 γη
720 2813 769 2855 in
802 2813 957 2870 φυγὴν
988 2813 1037 2856 in
1068 2826 1144 2856 ras
1169 2812 1242 2857 P²
1375 2817 1428 2857 19
1462 2810 1687 2871 ἀχθείσης
1719 2815 1804 2857 Mo

154 2868 281 2927 ἤχθη
306 2871 341 2913 Ι
447 2876 501 2915 21
530 2871 613 2924 ἔξω
649 2873 773 2917 UMo
799 2876 806 2925 Ι
833 2871 915 2916 τὸν
941 2872 996 2916 οὐ
1027 2872 1077 2915 in
1107 2874 1251 2926 textu,
1285 2889 1340 2930 γρ
1371 2879 1453 2916 τοῦ
1486 2888 1572 2916 νου
1603 2872 1841 2927 (accentus

149 2929 307 2985 periit)
339 2929 389 2972 in
419 2943 552 2986 marg
575 2931 620 2974 A
692 2937 773 2974 τοῦ
806 2937 890 2974 νοῦ
933 2931 1105 2976 UMoB
1136 2931 1218 2975 sed
1250 2932 1299 2974 in
1329 2931 1418 2975 hoc
1447 2947 1472 2974 τ
1496 2948 1523 2975 ν
1585 2931 1635 2973 in
1665 2943 1740 2974 ras
1771 2930 1842 2974 m²

211 2987 292 3032 τὸν
323 2995 405 3032 τοῦ
437 2995 521 3033 νοῦ
554 2990 609 3032 οὐ
640 2990 675 3032 Ι
743 2996 936 3033 τοιαῦτα
969 2990 1133 3046 scripsi
1207 2997 1354 3034 ταῦτα
1384 2989 1494 3033 libri
1526 2989 1618 3033 edd
