2026 3168
108 1755 162 1794 23

203 130 311 181 222
744 129 971 173 LIBANH
1003 128 1343 174 ORATIONES

202 269 288 317 illo
331 269 528 331 quidem
567 269 628 316 ab
667 269 838 317 eodem
884 270 1103 331 librario,
1149 286 1319 318 verum
1365 271 1515 318 etiam
1561 271 1766 319 eandem
1807 288 1886 320 ex-

202 343 401 391 hibente
439 343 755 394 latitudinem
803 345 853 390 et
889 344 1123 391 foliorum
1169 345 1388 392 totorum
1434 337 1528 409 (23
1570 338 1788 412 centim.)
1837 347 1888 393 et

202 417 360 479 partis
401 419 629 465 exaratae
669 411 763 484 (12
806 413 955 483 cent.)
995 418 1301 478 eundemque
1338 419 1392 464 in
1430 434 1529 466 una
1568 434 1762 480 quaque
1800 435 1887 481 pa-

204 492 323 554 gina
360 492 604 538 linearum
634 484 755 558 (30)
796 507 1069 552 numerum,
1108 491 1317 553 denique
1357 492 1507 539 etiam
1546 492 1752 540 eandem
1782 508 1886 540 ma-

201 581 321 612 num
352 565 619 613 secundam
650 566 987 613 correctricem
1017 565 1275 613 inserenda
1307 564 1447 628 signo
1494 572 1528 608 Λ
1569 566 1884 615 indicantem.

200 639 480 700 Utrumque
531 638 746 687 codicem
798 639 1042 687 artissime
1093 640 1351 687 cohaerere
1404 639 1517 687 inde
1565 642 1707 702 patet
1756 640 1887 701 quod

201 712 508 762 Monacensis
558 714 661 760 113
716 713 799 760 fol.
852 714 977 760 1961Γ
1022 713 1381 775 praetermissis
1433 713 1495 760 iis
1547 714 1667 775 ipsis
1724 714 1884 762 verbis

203 803 326 848 quae
367 789 481 834 sunt
518 787 570 833 in
610 787 768 834 altero
809 786 973 835 codice
1012 787 1152 834 nulla
1189 787 1370 834 lacuna
1407 786 1626 835 indicata
1656 789 1770 850 post
1799 803 1885 836 vo-

201 877 306 908 cem
337 857 631 925 ἀγνοοῦντες
663 854 811 926 (294,
846 854 901 925 6)
942 861 1106 908 media
1137 861 1188 907 in
1220 862 1353 907 linea
1383 862 1600 922 perrexit
1632 861 1885 909 scribendo

199 932 441 983 τέθεινται
478 936 575 982 κτλ.
617 927 765 1000 (321,
800 927 918 1000 3).1)

308 1008 498 1056 Multae
529 1009 765 1056 lectiones
793 1010 961 1056 variae
993 1010 1263 1071 praemisso
1294 1027 1352 1073 γρ
1391 1008 1444 1055 111
1482 1009 1704 1071 margine
1736 1025 1886 1056 manu

198 1082 390 1130 librarii
428 1084 621 1144 positae
662 1084 790 1143 sunt,
829 1083 915 1130 sed
955 1084 1105 1130 etiam
1145 1098 1294 1144 quam
1328 1082 1473 1130 modo
1507 1083 1884 1132 commemoravi

198 1171 372 1204 manus
412 1156 623 1204 secunda
663 1158 925 1204 correctrix
963 1157 1095 1205 haud
1132 1172 1249 1204 rarov
1286 1156 1559 1218 dispicitur.

308 1229 612 1293 Apographo
653 1230 834 1278 codicis
866 1231 929 1277 ad
961 1231 1209 1278 orationes
1248 1227 1370 1277 κατὰ
1400 1236 1497 1277 τῶν
1527 1229 1882 1296 προσεδρευόν-

198 1321 296 1352 των
327 1307 428 1362 τοῖς
458 1300 661 1369 ἄρχουσι
686 1297 899 1371 (1610),
930 1302 1039 1370 περὶ
1071 1298 1364 1370 ὃουλείαςῖ),
1396 1300 1517 1370 ὑπὲρ
1545 1311 1642 1352 τῶν
1665 1302 1885 1370 ρητόρων

199 1378 324 1425 alias
364 1378 575 1426 edendas
613 1393 730 1426 usus
771 1380 845 1426 est
882 1379 995 1425 Fed.
1027 1379 1276 1426 Morellus.

310 1450 539 1500 Codicem
585 1467 712 1499 anno
767 1454 908 1501 1770
955 1453 1176 1513 Lipsiam
1221 1445 1477 1518 missumss)
1524 1451 1752 1499 Reiskius
1799 1452 1883 1499 ad-

197 1525 372 1573 iutrice
411 1542 559 1573 uxore
595 1526 810 1574 contulit
849 1528 899 1573 et
943 1528 1140 1587 praeter
1177 1526 1525 1588 Augustanum
1569 1526 1622 1572 in
1669 1525 1883 1574 editione

196 1599 419 1661 paranda
449 1599 759 1661 potissimum
793 1600 967 1647 ducem
998 1602 1194 1648 secutus
1227 1602 1313 1647 est.
1369 1600 1475 1663 Ego
1508 1599 1723 1647 codicem
1755 1615 1883 1647 anno

200 1674 340 1721 1895
374 1673 708 1721 Vratislaviae
741 1675 941 1721 excussi.

304 1749 385 1795 19.
408 1746 840 1795 CodexVaticanus
859 1746 1304 1795 Ottobonianus
1329 1748 1497 1810 gr.69,
1516 1747 1634 1795 olim
1651 1745 1883 1795 Guilelmi

197 1820 365 1868 Sirleti
398 1815 458 1888 (†
480 1814 715 1887 1585)4),
756 1821 982 1882 deinceps
1014 1821 1216 1869 Ascanii
1248 1821 1306 1868 de
1341 1820 1580 1869 Columna
1619 1820 1883 1868 cardinalis

197 1889 257 1960 (†
277 1888 459 1961 1608),
500 1888 691 1961 (1611)
724 1895 924 1943 Ioannis
955 1895 1138 1958 Angeli
1174 1895 1327 1942 Ducis
1367 1895 1428 1942 ab
1467 1894 1707 1956 Altemps,
1746 1894 1883 1942 Petri

203 1966 442 2017 Ottoboni
474 1968 751 2030 cardinalis,
791 1985 919 2017 anno
956 1970 1094 2017 1746
1128 1970 1181 2016 in
1203 1969 1500 2016 Vaticanam
1537 1969 1724 2029 illatus,
1763 1967 1882 2015 olim

317 2111 359 2165 1)
391 2109 556 2152 Manus
587 2110 817 2154 recentior
849 2110 1008 2153 statim
1041 2109 1124 2153 sub
1157 2110 1345 2152 initium
1377 2108 1481 2153 folii
1513 2113 1598 2152 262
1637 2108 1686 2151 in
1718 2108 1877 2152 codice

198 2172 279 2211 101
323 2168 440 2211 haec
481 2169 686 2225 scripsit:
730 2169 1067 2213 Desiderantur
1103 2171 1187 2213 hae
1225 2173 1452 2224 sequentes
1490 2174 1585 2212 octo
1617 2168 1797 2212 chartae
1828 2168 1880 2211 in

195 2229 398 2271 oratione
421 2242 535 2283 quae
559 2228 825 2272 inscribitur
843 2226 1121 2285 Ἀντιοχικός
1150 2229 1304 2272 statim
1329 2233 1435 2283 post
1463 2241 1542 2271 sex
1571 2228 1752 2270 chartas
1775 2231 1881 2282 post

193 2287 301 2330 haec
323 2287 456 2330 verba
479 2289 760 2343 πληροῦντες
782 2294 878 2337 τοῖς
903 2287 1174 2343 ἀνθρώποις
1196 2286 1279 2343 τὴν
1303 2285 1439 2344 χάριν
1464 2286 1751 2343 ἀγνοοῦντες.
1805 2284 1876 2328 Fr.

193 2345 429 2388 Iacobsius
462 2348 618 2389 autem
651 2346 724 2402 (cf.
743 2362 786 2402 p.
808 2348 880 2403 76)
912 2346 962 2389 in
984 2346 1195 2402 margine
1218 2345 1319 2389 folii
1347 2350 1430 2389 196
1456 2344 1629 2388 codicis
1656 2348 1739 2387 113
1763 2343 1878 2386 haec

195 2403 456 2447 adnotavit:
489 2419 658 2462 mayna
690 2406 871 2458 lacuna,
904 2420 1040 2460 quam
1070 2406 1247 2460 supplet
1274 2406 1377 2449 Cod.
1403 2418 1472 2447 nr.
1500 2408 1585 2447 101
1610 2417 1658 2458 p.
1676 2405 1770 2447 262
1785 2416 1875 2458 sqq.

197 2463 264 2517 Cf.
292 2463 441 2508 Reisk.
468 2464 530 2506 ad
553 2464 721 2508 Liban.
761 2465 809 2507 T.
837 2465 870 2507 I
887 2479 938 2520 p.
963 2467 1054 2507 294
1085 2470 1175 2508 not.
1205 2468 1275 2507 69.
1339 2463 1480 2506 Plura
1511 2462 1568 2505 de
1601 2461 1758 2505 codice
1793 2465 1875 2504 113

194 2522 242 2564 et
271 2522 451 2565 ratione
483 2535 602 2577 quae
635 2523 677 2565 ei
710 2537 815 2566 cum
849 2527 930 2566 101
965 2525 1036 2566 est
1066 2522 1188 2566 infra
1220 2524 1280 2579 (n.
1309 2523 1380 2579 62)
1414 2521 1638 2564 dicentur.

313 2582 356 2637 2)
390 2580 455 2624 Cf.
489 2581 656 2625 Philol.
690 2581 790 2624 LIX
822 2586 921 2625 403.
1478 2613 1488 2617 »

313 2641 356 2695 3)
389 2638 457 2682 Cf.
479 2639 688 2683 Reiske's
713 2640 866 2684 Briefe
898 2656 941 2683 n.
968 2644 1053 2683 407
1077 2655 1122 2696 p.
1151 2644 1249 2683 824.
1283 2643 1368 2682 409
1393 2654 1436 2695 p.
1464 2635 1566 2682 8271
1597 2642 1681 2680 418
1705 2652 1749 2694 p.
1776 2641 1875 2680 842.

195 2702 280 2741 427
313 2713 357 2754 p.
384 2701 482 2742 855.
517 2703 603 2742 434
635 2714 679 2754 p.
706 2703 804 2742 873.

310 2759 355 2813 4)
397 2757 449 2799 In
492 2756 647 2800 indice
691 2758 902 2802 codicum
943 2758 1098 2802 Sirleti
1138 2770 1163 2800 6
1203 2756 1361 2800 codice
1400 2755 1556 2799 Escur.
1596 2755 1651 2797 X.
1688 2760 1724 2797 1.
1762 2758 1814 2797 15
1848 2767 1876 2797 a

191 2815 373 2859 Millero
406 2815 680 2873 (Catalogue
713 2817 792 2859 des
824 2817 1102 2860 Manuscrits
1134 2829 1265 2872 grecs
1297 2815 1354 2858 de
1385 2814 1433 2857 la
1463 2814 1575 2857 bibl.
1610 2814 1667 2857 de
1698 2813 1875 2857 l'Escu-

191 2874 280 2918 rial
317 2889 361 2930 p.
397 2879 481 2918 304
507 2877 590 2930 sq.)
631 2874 756 2918 edito
797 2877 869 2919 est
906 2891 950 2918 n.
986 2880 1032 2919 3:
1081 2889 1136 2919 ew,
1169 2875 1334 2931 φαμεν
1373 2874 1426 2917 de
1463 2878 1603 2918 cotom.
1645 2873 1875 2917 Libanius

192 2935 253 2990 (p.
288 2935 404 2990 328).
