2026 3168
690 142 919 188 LIBANII
949 143 1290 188 ORATIONES
1763 145 1830 198 77

154 284 326 345 editas,
369 283 449 331 vel
488 283 754 345 exemplari
793 299 880 331 suo
919 283 1148 332 editionis
1180 283 1474 332 Reiskianae
1512 285 1591 333 vel
1624 280 1833 333 ‘Lectio-

153 353 290 406 num’
336 357 576 405 volumini
622 358 763 405 annis
814 358 951 405 1812
1004 359 1054 405 et
1103 358 1242 404 1813
1290 358 1572 420 mandatas,
1617 359 1834 421 reliquit.

153 433 228 479 Ex
264 431 352 480 illo
390 434 446 479 ut
493 430 556 478 ad
602 430 982 479 declamationes
1021 431 1423 480 Demosthenicas
1471 433 1834 482 emendationes

155 505 376 554 conditas
413 507 661 567 promeret
672 498 735 571 1),
776 504 1023 554 Friderico
1060 503 1321 553 Duebnero
1359 507 1597 568 permisit.
1659 507 1834 555 Exem-

153 580 265 642 plar
301 578 464 640 ipsum
479 571 520 644 ²)
567 581 680 640 post
717 580 927 626 mortem
964 579 1176 627 Iacobsii
1219 579 1568 627 bibliothecam
1606 580 1835 628 Bodleia-

152 669 268 701 nam
306 653 527 713 intravit,
565 653 618 699 in
657 669 754 714 qua
793 652 983 715 inspexi
1013 654 1063 699 et
1094 654 1324 714 excerpsi.
1388 652 1688 701 Schedarum
1718 671 1834 702 vero

142 727 382 775 ”volumen
412 726 727 787 inscriptum:
764 727 1114 782 „Miscellanea
1144 728 1311 775 critica
1340 729 1509 787 scrips.
1540 729 1601 776 F.
1633 729 1837 777 Iacobs“

154 803 224 848 et:
248 801 542 857 „Lectiones
567 801 654 847 Fr.
670 800 842 848 Jacobs
859 802 1014 848 1812.
1032 802 1206 848 1813“
1230 800 1360 862 quod
1383 801 1517 849 foliis
1543 802 1647 850 353
1676 819 1836 850 emen-

154 874 378 922 dationes
433 890 543 922 cum
597 873 659 921 ad
711 874 892 922 multos
947 874 1183 922 orationis
1244 875 1485 936 pedestris
1540 877 1589 923 et
1640 875 1837 924 vinctae

155 949 418 1010 scriptores
472 949 582 994 tum
634 947 746 995 inde
802 964 831 995 a
883 949 1068 1011 pagina
1117 949 1181 996 91
1239 963 1392 1010 usque
1445 949 1504 998 ad
1555 951 1661 998 218
1712 953 1762 999 et
1807 965 1837 997 a

153 1039 266 1085 pag.
303 1023 406 1070 339
446 1037 600 1083 usque
642 1021 703 1068 ad
743 1022 849 1070 340
891 1021 952 1068 ad
982 1020 1175 1068 Libanii
1219 1021 1598 1072 declamationes
1639 1025 1689 1071 et
1728 1039 1836 1072 ora-

154 1097 312 1144 tiones
382 1096 601 1143 continet
617 1088 682 1161 3),
753 1096 995 1144 auctionis
1059 1095 1164 1143 iure
1234 1096 1298 1143 ad
1357 1096 1540 1143 Iulium
1595 1097 1838 1145 Adertum

157 1169 491 1218 Genevensem
535 1170 782 1230 pervenit,
830 1171 916 1231 qui
961 1169 1304 1217 liberalissime
1345 1169 1408 1216 ad
1453 1186 1531 1218 me
1577 1171 1734 1233 misit,
1781 1173 1839 1219 ut

158 1259 306 1305 quam
345 1243 430 1290 diu
468 1243 646 1290 vellem
683 1258 984 1304 usurparem.
1060 1242 1332 1305 Postquam
1376 1243 1643 1292 adiuvante
1682 1245 1838 1294 Paulo

155 1318 374 1364 Primero
412 1317 750 1378 transscripsi,
790 1317 1011 1380 Eugenio
1049 1316 1251 1377 Aderto,
1290 1317 1406 1364 Iulii
1444 1319 1644 1365 interim
1680 1321 1839 1368 morte

157 1391 350 1452 abrepti
395 1390 512 1450 filio,
557 1391 736 1438 remisi.
820 1389 975 1438 Locos
1027 1390 1203 1452 quibus
1257 1391 1508 1439 Iacobsius
1561 1391 1840 1441 Libaniana

154 1465 405 1526 tractavit,
427 1479 616 1525 semper
638 1463 876 1525 indicavi3
899 1464 986 1511 ubi
1007 1481 1197 1512 merum
1217 1481 1395 1512 nomen
1421 1467 1523 1513 eius
1546 1468 1703 1528 posui,
1726 1482 1837 1515 con-

155 1539 366 1586 iecturas
406 1553 507 1586 esse
547 1539 599 1585 in
629 1539 852 1602 margine
885 1539 1175 1600 exemplaris
1205 1538 1361 1601 ipsius
1395 1539 1667 1602 adscriptas
1700 1541 1837 1589 scito.

269 1611 365 1660 Sed
424 1614 483 1658 ut
540 1612 737 1660 omnino
791 1612 1042 1660 Iacobsius
1096 1611 1475 1661 declamationes
1532 1615 1837 1663 orationibus

159 1686 460 1748 praeposuit,
497 1685 571 1733 ita
608 1686 757 1733 Vitae
796 1686 988 1733 nullum
1025 1686 1188 1734 locum
1226 1687 1408 1751 tetigit.

156 1826 345 1884 logiam,
370 1826 550 1870 Gothae
569 1830 681 1870 1816
706 1826 834 1882 prius
858 1825 1037 1883 publici
1059 1826 1174 1870 iuris
1199 1826 1337 1870 factis
1361 1827 1411 1870 in
1426 1827 1528 1872 Act.
1553 1827 1718 1884 philol.
1737 1828 1838 1871 Mo-

157 1899 257 1929 nac.
275 1888 308 1930 t.
325 1885 368 1928 H
391 1885 502 1929 fasc.
523 1890 548 1928 3
573 1900 617 1941 p.
632 1889 865 1928 435—-468
884 1887 931 1929 et
945 1885 1056 1929 fasc.
1076 1890 1103 1928 4
1126 1901 1171 1942 p.
1190 1890 1447 1940 471—4883
1474 1887 1838 1932 declamationes

159 1947 206 1989 et
236 1945 647 2002 progymnasmata
671 1944 720 1986 in
744 1944 1070 1988 Friedemanni
1102 1947 1149 1988 et
1173 1943 1389 1988 Seebodii
1412 1945 1726 1990 Miscellaneis
1751 1947 1839 1990 cri-

157 2005 264 2048 ticis
288 2003 375 2046 vol.
400 2003 443 2046 11
466 2018 510 2059 p.
538 2007 790 2057 371—374;
824 2003 1030 2058 quinque
1054 2003 1417 2047 declamationes
1442 2004 1492 2047 in
1514 2004 1840 2050 Darmstadter

159 2063 355 2120 Allgem.
384 2061 714 2119 Schulzeitung
747 2066 858 2105 1832
891 2063 933 2105 H
962 2077 1006 2105 n.
1035 2067 1058 2104 7
1092 2064 1140 2106 et
1171 2067 1196 2106 8
1229 2078 1272 2119 p.
1299 2067 1473 2107 49—55
1506 2066 1553 2108 et
1584 2069 1771 2109 57—63.

280 2123 321 2177 1)
355 2121 510 2165 Revue
542 2121 599 2163 de
630 2120 887 2178 philologie
918 2123 950 2164 t.
976 2121 1018 2164 Π
1042 2123 1191 2177 (1847)
1223 2137 1267 2178 p.
1296 2127 1407 2166 1—6
1441 2124 1488 2166 et
1518 2138 1562 2179 p.
1590 2127 1836 2169 425—427.

278 2183 321 2237 2)
355 2180 606 2237 Catalogus
638 2180 1061 2236 Manuscriptorum
1097 2182 1143 2224 et
1173 2179 1488 2225 bibliothecae
1519 2183 1591 2226 Fr.
1624 2183 1838 2238 Iacobsii,

158 2239 364 2284 Berolini
397 2244 508 2283 1849
542 2254 586 2282 n.
615 2243 741 2283 1041.

278 2302 322 2349 3)
367 2298 617 2354 Catalogus
655 2298 885 2341 Manuscr.
918 2298 948 2342 1.
981 2297 1012 2341 l.
1044 2298 1152 2342 Mss.
1192 2313 1235 2342 n.
1262 2303 1325 2343 87
1364 2314 1410 2356 p.
1442 2299 1517 2345 IV.
1582 2299 1838 2357 Scriptores

161 2371 274 2413 quos
313 2357 544 2410 tractavit,
590 2359 719 2400 sunt:
767 2357 997 2400 Maximus
1039 2358 1146 2414 περὶ
1184 2366 1427 2416 καταρχῶν
1467 2360 1527 2415 (p.
1563 2361 1627 2416 1),
1666 2361 1838 2404 Aratus

161 2418 222 2473 (p.
250 2419 304 2474 7),
338 2416 619 2460 Themistius
653 2418 713 2473 (p.
742 2418 834 2473 13),
867 2416 1172 2460 Antimachus
1204 2418 1264 2474 (p.
1291 2419 1386 2474 41),
1419 2418 1700 2476 Fragmenta
1730 2432 1862 2475 poe-„

161 2478 314 2519 tarum
345 2476 472 2532 apud
503 2475 790 2531 Stephanum
813 2475 1090 2530 Byzantium
1122 2483 1183 2532 (p.
1210 2478 1297 2532 44),
1329 2476 1604 2533 Apollonius
1629 2478 1838 2522 Rhodius

164 2536 223 2590 (p.
241 2537 330 2591 46),
354 2534 539 2578 Aeliani
563 2534 670 2578 hist.
690 2534 828 2578 anim.
855 2537 915 2591 (p.
935 2540 1004 2578 51.
1025 2537 1111 2591 65),
1137 2534 1340 2591 Oppiani
1365 2535 1646 2593 Cynegetica
1670 2538 1731 2594 (p.
1750 2539 1838 2594 56),

162 2593 433 2637 Philostrati
449 2593 587 2637 Vitae
612 2593 924 2650 sophistarum
950 2595 1011 2650 (p.
1038 2595 1124 2650 83),
1157 2593 1377 2650 Alciphro
1403 2597 1462 2651 (p.
1490 2598 1577 2652 85),
1608 2596 1838 2640 Lucianus

164 2654 223 2708 (p.
257 2655 379 2709 219),
421 2651 593 2709 Orphei
624 2652 942 2710 Argonautica
982 2654 1042 2708 (p.
1077 2654 1202 2710 277),
1242 2653 1400 2697 Bionis
1432 2653 1602 2709 Idyllia
1633 2656 1693 2711 (p.
1721 2657 1838 2712 285),

163 2709 377 2755 Moschus
425 2713 485 2767 (p.
519 2714 642 2768 286),
690 2711 964 2768 Apollodori
1002 2710 1295 2756 Bibliotheca
1334 2715 1394 2770 (p.
1429 2715 1553 2770 291),
1600 2713 1839 2758 Plutarchi

165 2767 300 2813 Vitae
339 2772 400 2827 (p.
427 2772 549 2826 303),
581 2769 794 2813 Hermias
827 2773 886 2826 (p.
915 2772 1036 2826 308),
1078 2769 1318 2814 Colluthus
1351 2774 1411 2828 (p.
1440 2775 1562 2828 301),
1600 2771 1838 2816 Cornelius

166 2827 335 2872 Fronto
367 2830 428 2886 (p.
455 2831 571 2885 311),
604 2829 771 2872 Lexica
803 2829 1087 2886 Segueriana
1119 2831 1180 2887 (p.
1206 2832 1329 2887 314),
1362 2830 1605 2887 Epistulae
1638 2831 1838 2875 Socratis

168 2887 228 2952 (p.
255 2887 573 3003 333)',3}{)sias
606 2889 666 2944 (p.
694 2890 817 2944 341),
850 2887 1114 2931 Andocides
1147 2889 1207 2944 (p.
1234 2891 1358 2946 349),
1398 2889 1655 2946 Xenophon
1686 2890 1838 2947 Ephe-

168 2958 263 2987 s1us
313 2960 356 3001 p.
489 2981 497 2989 .
