2026 3168
237 88 300 134 VI
904 91 1244 137 PRAEFATIO

233 230 556 280 bibliothecas
595 232 838 294 Europae,
869 232 1019 280 Asiae
1057 234 1276 294 minoris,
1314 233 1642 295 Palaestinae,
1681 233 1913 298 Aegypti.

238 303 469 353 Conferre
509 321 676 354 omnes
715 307 756 353 si
795 305 1072 367 voluissem,
1112 322 1172 354 ne
1203 307 1519 369 paratissima
1558 307 1757 369 quidem
1795 309 1916 355 ami-

236 394 402 427 corum
469 395 618 441 opera
684 380 993 428 auxiliatrice
1054 381 1345 443 potuissem,
1412 381 1497 429 sed
1556 381 1732 429 inutile
1795 384 1915 445 erat,

233 453 406 501 rimari
444 470 559 502 vero
600 456 649 502 et
688 455 965 502 examinare
1006 469 1171 502 omnes
1211 455 1550 503 necessarium.
1628 456 1695 502 Et
1731 456 1783 503 in
1821 456 1914 504 hac
1986 478 1994 496 ·

231 544 283 575 re
321 528 586 576 maximam
626 528 919 576 industriam
957 529 1114 590 posui,
1153 531 1210 576 ut
1246 545 1375 577 nunc
1406 529 1603 592 quidem
1637 546 1734 577 non
1766 546 1910 579 nove-

230 602 325 650 rim
365 604 554 650 exstare
596 603 808 650 codicem
848 619 994 664 quem
1024 618 1123 650 non
1161 603 1283 651 meis
1321 603 1401 652 vel
1440 603 1709 651 amicorum
1755 604 1911 652 oculis

229 676 562 738 lustraverim,
618 692 917 739 quamquam
970 677 1108 725 nefas
1163 676 1385 724 duxerim
1431 678 1667 739 spondere
1718 678 1910 726 nullum

227 751 330 797 iam
362 767 386 798 e
418 750 632 798 tenebris
665 767 767 799 esse
797 751 1121 813 proditurum.
1183 751 1330 799 Multi
1360 751 1562 799 illorum
1593 754 1643 799 et
1673 752 1909 816 originem

228 827 473 872 recentem
512 825 774 873 admodum
815 827 865 873 et
894 826 1257 889 neglegentiam
1289 827 1556 874 maximam
1587 826 1816 888 produnt,
1855 828 1912 873 ut

229 914 429 960 operam
467 899 644 961 perdat
681 916 779 947 non
818 899 978 948 solum
1009 901 1095 962 qui
1131 915 1211 948 eos
1244 900 1476 962 conferre,
1516 899 1600 948 sed
1639 901 1790 948 etiam
1821 900 1908 962 qui

228 989 406 1021 nexum
461 989 557 1036 quo
613 974 862 1022 coniuncti
916 975 1016 1022 Sint
1070 990 1301 1036 quaerere
1355 975 1490 1022 velit.
1576 973 1705 1030 Quin
1759 974 1911 1022 etiam

227 1047 447 1110 reliquos
487 1063 653 1096 omnes
693 1050 735 1095 si
774 1050 884 1110 quis
924 1049 987 1096 ad
1017 1064 1172 1095 unum
1204 1050 1410 1096 stemma
1441 1063 1669 1097 revocare
1700 1047 1911 1110 studeat,

225 1137 339 1170 mox
376 1122 566 1170 maiora
603 1138 654 1171 se
693 1123 860 1170 moliri
897 1122 1152 1186 intelleget
1184 1138 1331 1185 quam
1365 1138 1488 1184 quae
1520 1122 1706 1171 viribus
1737 1122 1907 1169 huma-

226 1197 302 1243 nis
343 1212 569 1245 concessa
609 1196 721 1244 sint.
783 1197 913 1244 Nam
950 1197 1096 1244 multi
1137 1199 1252 1245 sunt
1282 1197 1472 1245 codices
1511 1195 1686 1260 μικτοί,
1726 1197 1908 1259 quippe

227 1271 313 1332 qui
365 1271 418 1318 in
464 1271 670 1319 diversis
716 1271 940 1333 partibus
988 1271 1193 1319 diversis
1249 1271 1492 1319 aetatibus
1540 1270 1711 1333 scripti
1755 1271 1835 1318 vel
1882 1286 1906 1317 e

227 1345 431 1392 diversis
477 1346 698 1393 fontibus
743 1347 1078 1406 manaverint,
1125 1347 1182 1393 ut
1229 1345 1360 1407 quod
1405 1345 1463 1393 de
1510 1361 1610 1392 uno
1658 1345 1907 1406 opusculo,

226 1420 376 1466 etiam
427 1418 484 1466 de
537 1420 691 1467 altero
731 1420 898 1468 valeat
946 1420 1149 1467 minime
1199 1434 1393 1467 necesse
1445 1420 1522 1467 sit.
1598 1418 1668 1466 Ut
1705 1419 1906 1467 veritati

226 1495 275 1540 et
301 1494 644 1556 perspicuitati
671 1494 955 1542 consulatur
979 1495 1028 1541 et
1057 1493 1240 1555 probae
1264 1493 1560 1541 recensionis
1584 1492 1905 1540 fundamenta

224 1567 391 1615 valida
430 1567 689 1629 iaciantur,
729 1569 780 1616 in
818 1584 1113 1630 unoquoque
1154 1569 1389 1629 opusculo
1433 1567 1727 1631 singillatim
1759 1582 1906 1628 quae-

223 1642 431 1689 rendum
469 1644 584 1703 erit,
625 1658 751 1703 quae
792 1643 858 1690 sit
894 1643 1024 1690 ratio
1062 1644 1194 1689 inter
1232 1642 1421 1691 codices
1461 1641 1652 1689 omissis
1690 1641 1906 1704 indignis

225 1716 312 1777 qui
350 1717 403 1762 in
442 1732 640 1764 censum
674 1717 891 1778 veniant,
932 1718 981 1764 et
1011 1719 1218 1764 stemma
1250 1715 1618 1776 contexendum,
1651 1715 1782 1776 quod
1812 1716 1905 1762 etsi

223 1805 321 1837 non
361 1806 528 1838 omnes
568 1790 782 1851 semitas,
820 1793 987 1838 tamen
1018 1790 1125 1839 vias
1162 1789 1460 1852 principales
1493 1789 1667 1851 quibus
1707 1788 1902 1852 singula

224 1863 285 1911 ad
324 1879 412 1911 nos
451 1864 777 1927 pervenerint,
815 1881 913 1913 uno
954 1867 1217 1927 conspectu
1257 1866 1370 1912 ante
1412 1863 1576 1912 oculos
1614 1864 1781 1925 ponat.

335 1937 475 1995 Quod
528 1955 628 1986 non
681 1939 753 1986 ita
806 1939 1030 2003 intellegi
1075 1939 1187 1987 volo
1234 1940 1291 1986 ut
1347 1938 1405 1985 de
1461 1937 1719 1985 affinitatis
1773 1937 1903 1985 inter

220 2013 353 2060 totos
393 2013 581 2061 codices
620 2013 816 2061 vinculo
856 2013 980 2060 nihil
1020 2013 1140 2061 certi
1179 2012 1393 2060 stabiliri
1432 2013 1592 2074 queat.
1654 2012 1784 2058 Nam
1823 2027 1900 2058 ex-

222 2088 357 2134 stant
395 2086 583 2135 codices
617 2087 700 2148 qui
739 2090 798 2134 ut
835 2103 924 2149 pro
957 2103 1157 2149 corpore
1195 2086 1340 2134 unius
1380 2086 1569 2150 generis
1609 2086 1900 2146 scriptorum

222 2163 315 2208 etsi
363 2177 461 2208 non
509 2176 710 2222 prorsus
759 2161 974 2224 integro,
1025 2163 1191 2208 tamen
1236 2161 1406 2222 paucis
1453 2159 1683 2206 membris
1721 2158 1896 2206 mutilo

220 2234 432 2282 habendi
471 2237 600 2296 sunt,
637 2236 711 2282 ita
750 2235 899 2282 etiam
931 2235 1135 2282 eandem
1172 2236 1224 2281 in
1257 2228 1483 2282 omnibus
1515 2233 1707 2294 scriptis
1740 2231 1899 2279 affini-

220 2309 339 2355 tatis
387 2309 721 2358 condicionem
768 2308 1040 2357 exhibeant.
1116 2309 1189 2355 De
1236 2308 1312 2355 his
1352 2307 1484 2370 quod
1523 2307 1671 2354 semel
1718 2307 1897 2354 consti-

220 2383 387 2429 tutum
427 2385 543 2444 erit,
582 2384 761 2444 ubique
801 2383 955 2442 valet,
995 2384 1044 2430 et
1081 2382 1168 2430 hos
1207 2381 1479 2444 principem
1517 2381 1568 2427 in
1608 2379 1721 2428 crisi
1758 2379 1898 2427 facti-

220 2456 373 2502 tanda
404 2456 565 2504 locum
598 2456 817 2504 obtinere
850 2457 1022 2504 debere
1053 2457 1205 2518 patet.
1270 2454 1363 2502 Sed
1401 2455 1454 2502 hi
1491 2454 1635 2516 pauci
1675 2456 1802 2517 sunt,
1842 2455 1898 2500 ut

221 2531 479 2578 stemmate
520 2531 651 2592 quod
688 2546 867 2578 nexum
907 2547 1002 2592 quo
1043 2530 1230 2578 codices
1270 2529 1516 2577 coniuncti
1555 2530 1670 2577 sunt
1708 2528 1895 2576 clarum

220 2603 373 2650 faciat
421 2606 473 2650 in
519 2604 724 2667 singulis
771 2605 1018 2666 opusculis
1064 2603 1283 2667 indigere
1329 2620 1428 2651 non
1466 2602 1720 2665 possimus.
1799 2600 1894 2648 Sed

219 2676 312 2724 hoc
349 2678 400 2723 in
439 2693 732 2739 unoquoque
769 2678 985 2726 breviter
1021 2678 1262 2725 indicasse
1297 2679 1415 2725 satis
1449 2676 1563 2737 erit,
1602 2675 1893 2723 documenta

222 2749 468 2797 dabuntur
516 2752 568 2797 in
617 2752 853 2799 memoria
900 2752 1047 2813 plena
1090 2752 1200 2799 viae
1251 2767 1351 2812 qua
1396 2749 1593 2798 Libanii
1640 2764 1786 2810 opera
1833 2747 1895 2794 ad

220 2825 439 2871 nostram
478 2826 692 2871 aetatem
728 2827 1077 2887 pervenerunt,
1122 2825 1210 2872 ubi
1253 2826 1388 2872 totus
1426 2825 1602 2871 horum
1640 2822 1894 2870 contextus

220 2897 358 2959 prela
395 2897 672 2959 reliquerit,
717 2915 816 2945 una
854 2915 964 2946 cum
1011 2898 1419 2947 commentatione
1459 2897 1516 2945 de
1555 2897 1661 2945 vita
1699 2898 1748 2944 et
1787 2897 1893 2943 arte
