2026 3168
710 166 938 210 LIBANII
970 165 1312 210 ORATIONES
1753 165 1858 218 143

178 303 245 356 οὐ
284 312 395 356 τῶν
435 301 494 355 ἐν
531 307 858 372 θησαυροῖς,
899 302 1001 356 οὐκ
1041 302 1239 370 οἰκίαν,
1279 301 1347 354 οὐ
1387 308 1510 370 γῆν,
1543 302 1646 354 οὐκ
1677 300 1861 371 ἀρχάς,

173 392 264 445 καὶ
309 392 370 444 τὸ
415 398 516 444 τοῦ
552 390 981 460 Ἀριστοφάνους
1029 393 1193 459 λόγος
1239 385 1310 458 ἦν
1357 391 1460 443 οὐκ
1507 389 1614 443 ἐῶν
1659 390 1857 461 κακὸνΙ

172 481 270 533 τὸν
302 480 369 533 οὐ
400 487 657 533 τοιοῦτον
688 481 890 548 δοκεῖν,
929 480 1019 533 καὶ
1059 487 1222 532 τοῦτο
1256 477 1444 532 ἐδίδου
1477 480 1577 548 τὴν
1610 478 1798 550 ἀρχήν,
1831 492 1872 535 Β,
1893 495 1950 535 84

174 568 279 637 ἐγὼ
329 565 389 621 δὲ
440 566 559 621 οὐδ’
614 567 914 636 ἀπολαβεῖν
959 566 1153 636 ἠξίουν
1207 569 1386 621 ὄντων
1438 588 1533 635 μοι
1582 565 1861 641 παππῴων

176 657 244 710 οὐ
282 667 494 727 μικρῶν
534 656 595 710 ἐν
633 666 747 719 τοῖς
786 656 1001 710 ἐκείνου
1042 660 1323 726 κτήμασιν.
1387 656 1535 726 ὁρῶν
1568 658 1636 726 δὴ
1667 657 1861 726 κέρδος
1908 677 1927 710 5

172 765 230 799 τε
269 746 415 799 ἅπαν
453 744 545 798 ὑπ’
593 745 725 813 ἐμοῦ
758 745 1276 814 καταπεπατημένον
1310 745 1574 814 ζητοῦντά
1604 765 1662 799 τε
1693 742 1861 798 οὐδὲν

173 834 363 904 ἕτερον
404 834 433 903 ἢ
476 834 622 897 ὅπως
662 834 868 898 ἐκεῖνος
907 834 1215 904 ἀποκρύψει
1254 835 1321 887 τὰ
1351 834 1691 903 ὑμνούμενα,
1731 837 1862 897 τοὺς

172 920 274 991 μὲν
313 925 515 986 ἄλλους
553 926 756 992 ἔφασκε
795 925 894 977 τὸν
933 923 1106 976 αὑτοῦ
1144 928 1390 976 πλοῦτον
1430 927 1634 992 φιλεῖν,
1676 921 1767 991 ἐμὲ
1800 922 1859 977 δὲ

174 1012 361 1081 αὐτόν,
400 1011 492 1065 καὶ
531 1011 655 1082 μηδ’
701 1011 771 1065 ἂν
808 1013 910 1080 τὴν
941 1019 1212 1065 τεκοῦσαν
1243 1011 1416 1065 αὐτὸν
1445 1011 1860 1082 ὑπερβαλέσθαι

173 1102 233 1154 τὸ
282 1103 517 1171 φίλτρον
562 1102 622 1154 τὸ
669 1099 797 1170 παρ’
852 1101 999 1168 ἐμοῦ.
1080 1100 1199 1152 126.
1256 1101 1348 1154 διὰ
1402 1108 1565 1154 τοῦτο
1615 1102 1707 1154 καὶ
1760 1102 1861 1171 τὴν
1886 1122 1929 1154 ιο

174 1187 314 1258 ὑπὲρ
362 1198 458 1259 τῆς
494 1193 700 1259 βουλῆς
745 1193 1059 1259 παρρησίαν
1096 1189 1386 1259 ὑπέμενεν,
1434 1189 1522 1242 ὅτε
1568 1190 1601 1259 ἡ
1649 1197 1718 1258 γῆ
1757 1187 1859 1258 μὲν

175 1276 343 1332 οὐδὲν
367 1278 621 1332 ἐδεδώκει
646 1284 976 1348 στερηθεῖσα
998 1286 1097 1332 τοῦ
1130 1280 1354 1332 ἄνωθεν
1384 1279 1601 1347 ὕδατος,
1631 1279 1660 1332 ὁ
1697 1283 1703 1347 Ι
1739 1279 1800 1331 δὲ
1830 1291 1873 1334 R
1893 1294 1949 1334 85

173 1366 330 1436 ἠξίου
377 1367 565 1436 γέμειν
611 1387 667 1420 τε
714 1367 898 1420 ὠνίων
943 1368 1044 1436 τὴν
1091 1367 1301 1438 ἀγορὰν
1347 1368 1436 1420 καὶ
1480 1366 1668 1437 μένειν
1707 1366 1862 1430 ἐντὸς

175 1456 322 1525 ὅρων
369 1455 468 1518 οὓς
513 1458 702 1525 ἔστησε
746 1465 866 1518 ταῖς
910 1465 1112 1523 τιμαῖς·
1161 1457 1376 1525 δαίμων
1423 1453 1485 1509 δὲ
1532 1458 1639 1526 ἄρα
1690 1463 1862 1509 ταῦτα

173 1546 440 1614 ἠνάγκαζε
486 1545 767 1614 φθονερὸς
813 1545 974 1597 ὥσων
1022 1546 1098 1608 εἰς
1146 1545 1280 1614 ὅπερ
1329 1540 1398 1597 αὖ
1452 1545 1543 1598 καὶ
1596 1544 1751 1608 τέλος
1795 1546 1862 1598 τὰ
1885 1565 1928 1598 15

173 1634 462 1703 πράγματα
507 1631 655 1686 ἔωσε.
732 1635 854 1687 τότε
901 1629 1005 1686 οὖν
1053 1633 1081 1686 ὁ
1128 1630 1230 1701 μὲν
1275 1632 1403 1706 ᾤδει
1449 1634 1539 1687 καὶ
1586 1634 1861 1703 μάχεσθαι

173 1731 288 1785 τοῖς
326 1721 524 1776 ἑαυτοῦ
571 1725 880 1791 βουλήμασι
926 1725 1075 1785 τοὺς
1101 1723 1403 1789 βουλευτὰς
1441 1721 1597 1791 ἐβόα,
1635 1724 1862 1785 κόλακες

176 1811 238 1864 δὲ
277 1813 445 1864 ἔνθεν
491 1811 580 1863 καὶ
627 1809 796 1864 ἔνθεν
841 1813 1239 1881 παρεστηκότες
1285 1810 1566 1880 ἐρρίπιζον
1610 1812 1710 1864 τὸν
1755 1817 1862 1864 θυ-

174 1901 303 1968 μόν,
359 1899 462 1967 ἐγὼ
519 1897 579 1952 δὲ
633 1900 800 1953 οὐδὲν
852 1899 1070 1969 τρέσας,
1124 1900 1225 1968 τὴν
1280 1897 1341 1952 δὲ
1393 1907 1492 1953 τοῦ
1546 1900 1862 1970 πράγματος

176 1987 434 2052 ἐξετάζων
473 1989 646 2057 φύσιν
686 1990 1030 2057 διετεινάμην
1069 1987 1373 2041 ἀδικοῦσαν
1418 2008 1477 2041 τε
1524 1985 1692 2041 οὐδὲν
1735 1987 1862 2041 ἀπέ-
1885 2009 1929 2041 zo

295 2153 320 2191 2
354 2162 416 2191 or
443 2148 548 2192 XIV
570 2147 907 2192 t.1424—450
938 2149 992 2192 R.
1026 2162 1095 2204 ep.
1134 2152 1246 2192 1039
1277 2148 1330 2192 τὸ
1363 2148 1414 2192 δὲ
1447 2147 1595 2193 δοθὲν
1627 2148 1777 2193 ἐκεῖνο
1807 2149 1860 2193 τὸ
1925 2131 1933 2139 ⁸

176 2207 340 2264 μικρὸν
375 2206 695 2263 Ἀριστοφάνει
731 2208 869 2281 ἔργον
908 2202 966 2263 ἧν
1004 2206 1144 2265 λόγου
1180 2205 1330 2259 τινός,
1373 2208 1458 2251 ουκ
1498 2207 1580 2281 ἐμὴ
1620 2206 1787 2264 δέησις.

175 2270 446 2384 Ξπῖῖἇέξὲνθ
480 2265 582 2311 οὐδ’
613 2265 699 2310 ὅσα
722 2260 781 2322 ἦν
807 2267 904 2311 ἐκεῖ
922 2274 1014 2311 τῶν
1038 2265 1283 2326 παππῴων
1307 2282 1384 2322 μοι
1408 2264 1511 2312 οὐδ’
1534 2267 1674 2317 αὐτὸς
1696 2265 1861 2323 ἠξίουν

298 2478 352 2517 14
384 2471 635 2530 σημείωσαι
664 2472 895 2530 τιμήματα
925 2479 1017 2516 τῶν
1049 2470 1201 2516 ὠνίων
1225 2471 1439 2529 δηλονότι
1463 2474 1509 2518 Α
1569 2472 1716 2530 ἤγουν
1739 2471 1865 2528 (ἤτοι

177 2533 222 2576 P
251 2547 326 2577 om
353 2533 408 2589 C)
440 2539 538 2582 τοῖς
566 2531 786 2589 τιμήμασι
816 2539 908 2575 τῶν
940 2529 1092 2575 ὠνίων
1123 2530 1337 2588 δηλονότι
1369 2534 1461 2589 (om
1484 2533 1591 2589 PB)
1625 2531 1779 2577 CP⁸B

296 2685 321 2722 3
354 2681 408 2723 οὐ
439 2680 626 2736 reposui
658 2693 683 2722 e
707 2680 750 2724 L
775 2679 885 2722 Fen·
911 2679 960 2722 in
984 2693 1119 2737 marg
1141 2679 1242 2723 Mor
1333 2683 1358 2723 3
1389 2679 1566 2739 τούτῳῗ
1598 2678 1655 2722 cf.
1682 2678 1859 2722 Sievers

179 2752 222 2793 p.
250 2743 303 2781 97
424 2745 451 2782 4
484 2738 594 2783 οὐδὲ
621 2739 702 2783 VL
824 2743 850 2782 5
883 2739 933 2783 δὲ
957 2739 1095 2795 VLy
1099 2755 1136 2793 ρ.
1221 2739 1323 2782 Mor
1352 2738 1401 2782 in
1416 2752 1566 2813 ⁵marg
1688 2742 1712 2780 7
1744 2738 1860 2781 ἀπο-

180 2797 347 2851 κρύψει
379 2798 544 2854 scripsi
626 2797 904 2854 ἀποκρύψαι
935 2797 1045 2840 libri
1076 2797 1166 2840 edd
1310 2801 1335 2840 8
1373 2797 1517 2841 αὐτοῦ
1546 2796 1656 2840 libri
1688 2796 1780 2840 edd

180 2858 204 2897 9
238 2855 380 2900 αὑτὸν
410 2858 500 2900 ΡΒ
512 2857 594 2901 VL
702 2861 752 2899 11
787 2854 908 2913 ὑπέμ
910 2862 1062 2900 εινενῖ)
1090 2856 1130 2931 Ι
1125 2854 1194 2900 οτι
1221 2857 1264 2900 V
1364 2861 1419 2900 15
1451 2855 1583 2900 ὤσων
1614 2855 1779 2911 scripsi

179 2913 319 2958 ὠθων
349 2914 459 2958 libri
491 2915 582 2958 edd
609 2919 614 2971 Ι
643 2912 703 2958 αὖ
729 2915 894 2972 scripsi
918 2916 1035 2959 eVL
1105 2912 1164 2959 ἂν
1196 2915 1370 2960 ΑΟΡΒ
1402 2915 1493 2959 edd
1616 2920 1668 2958 16
1701 2911 1797 2959 τότ’
1823 2915 1868 2958 V

241 2977 292 3016 17
326 2973 470 3017 αὐτοῦ
492 2975 535 3018 V
649 2979 704 3017 20
737 2973 958 3030 ἀπέφηνα
991 2975 1034 3018 L
