2026 3168
674 125 900 171 LIBANII
931 125 1273 171 ORATIONES
1744 127 1819 180 25

135 267 453 331 incipientem
486 284 515 316 a
544 267 821 316 vocabulis:
859 263 956 315 κδ’;
995 265 1117 332 πρὸς
1155 265 1239 315 τὸν
1278 264 1476 330 βασιλέα
1516 260 1575 316 οὗ
1615 263 1646 330 ἡ
1680 265 1820 333 ἀρχὴ.

141 342 206 392 Τὸ
245 339 333 406 μὲν
372 341 461 392 σὸν
507 334 545 390 ὦ
584 341 783 405 βασιλεῦ
831 338 997 407 μέρος,
1044 341 1370 389 desinentem:
1425 341 1478 390 οἱ
1518 341 1819 390 ποτιδειάται

135 415 356 480 ἀλλήλων
385 415 663 481 ε’γεύσαντο·
704 413 872 463 Πολλὰ
902 413 1325 479 ἐβουλευσάμεθα,
1358 408 1395 463 ὦ
1427 412 1613 481 ἄνδρες.
1681 415 1819 472 Quae

136 491 503 540 antecesserunt
541 489 729 537 duobus
769 489 902 536 foliis
942 489 1290 550 comprehensa
1328 491 1595 550 perierunt.

248 578 514 627 Contextus
566 580 672 640 ipse
726 579 942 642 primum
991 577 1197 639 praebet
1245 580 1820 641 progymnasmata

136 648 243 720 (fol.
277 646 496 718 4—58).
577 651 671 699 Sed
709 651 885 699 horum
923 667 1118 713 quoque
1156 651 1358 699 initium
1398 646 1580 716 (μῦθοι
1620 654 1670 700 et
1709 652 1817 716 διη-

132 721 346 794 γήματα)
386 742 483 774 uno
524 726 644 775 folio
684 726 1084 787 comprehensum
1127 726 1290 787 periit.
1368 725 1564 773 Folium
1611 727 1744 774 enim
1783 727 1815 773 4

131 801 308 864 incipit
347 803 450 848 sine
482 800 631 848 titulo
664 799 826 848 verbis
857 798 1048 863 ὑμνεῖν,
1089 798 1148 848 οὐ
1179 799 1299 864 τύχη
1339 797 1494 863 μόνον
1533 817 1659 861 quae
1704 803 1819 848 sunt

132 875 220 923 sub
258 875 459 922 initium
500 874 662 922 chriae
701 875 890 936 primae
932 867 1248 939 Ἀλέξανδρος
1294 871 1562 940 ἐρωτηθεὶς
1611 868 1704 941 (=
1744 873 1817 921 IV

134 949 256 1010 856,
291 943 360 1015 7).
440 948 672 1010 Sequitur

235 1038 318 1086 fol.
355 1039 384 1086 5
463 1033 528 1085 ια’
604 1034 739 1102 ἑτέρα
777 1036 910 1101 χρεία
986 1034 1211 1101 διογένης
1250 1035 1502 1103 μειράκιον
1541 1034 1662 1086 ἰδὼν
1701 1034 1815 1086 ἀτα-

131 1118 283 1160 κτοῦν
322 1110 406 1160 τὸν
444 1109 759 1175 παιδαγωγὸν
798 1108 995 1158 ἔπαισεν
1033 1108 1187 1159 εἰπὼν
1224 1113 1320 1158 κτλ.

245 1193 302 1240 6ν
378 1189 443 1257 ιβ’
519 1190 652 1258 ἑτέρα
691 1192 823 1257 χρεία
909 1190 1168 1257 ἰσοκρᾶτης
1206 1199 1292 1256 τῆς
1331 1192 1554 1252 παιδείας
1593 1191 1684 1257 τὴν
1729 1190 1818 1256 μὲν

131 1266 272 1332 ῥίζαν
313 1264 409 1330 ἔφη
449 1265 647 1331 πικράν,
687 1268 877 1330 γλυκεῖς
917 1262 968 1313 δὲ
1007 1264 1123 1324 τοὺς
1161 1265 1382 1332 καρπούς

243 1349 301 1396 8v
413 1345 547 1414 ἑτέρα
578 1347 710 1413 χρεία
785 1345 1094 1412 θεόφραστος
1125 1345 1406 1413 ἐρωτηθείς,
1442 1348 1490 1396 τί
1517 1346 1646 1397 ἔστιν
1679 1347 1816 1415 ἔρως,

132 1421 303 1486 ἔφησε·
344 1421 510 1480 πάθος
547 1427 714 1485 ψυχῆς
754 1420 1081 1485 σχολαζούσης

242 1505 300 1552 9v
390 1499 454 1551 ιδ’
544 1501 714 1568 γνώμη
767 1500 1111 1568 προτρεπτική·
1168 1502 1246 1551 δεῖ
1290 1501 1353 1566 δὴ
1404 1503 1681 1570 χρημάτων,
1734 1502 1817 1554 καὶ

128 1574 248 1626 ἄνευ
287 1576 472 1626 τούτων
513 1573 660 1626 οὐδέν
699 1574 798 1625 ἐστι
835 1573 1067 1641 γενέσθαι
1105 1583 1202 1625 τῶν
1242 1576 1454 1626 δεόντων

242 1660 310 1707 10
386 1654 442 1707 ιε’
516 1657 687 1723 γνώμη
728 1655 1076 1723 ἀποτρεπτική·
1119 1656 1178 1706 οὐ
1218 1658 1308 1725 χρὴ
1348 1658 1623 1725 παννύχιον
1653 1659 1817 1710 εὕδειν

130 1730 451 1798 βουληφόρον
490 1729 647 1797 ἄνδρα

247 1816 309 1861 11
414 1810 479 1868 ις’
553 1812 622 1871 εἰς
661 1811 714 1861 τὸ
754 1811 873 1862 αὐτὸ
912 1812 1083 1878 γνώμη
1124 1811 1258 1879 ἑτέρα

243 1896 336 1942 11v
411 1891 470 1953 ιζ’
544 1892 789 1958 ἀνασκευὴ
831 1893 903 1942 ὅτι
942 1892 1034 1942 οὐκ
1080 1893 1209 1953 εἰκὸς
1255 1894 1340 1944 τὸν
1385 1895 1572 1961 χρύσην
1617 1895 1686 1956 εἰς
1730 1896 1816 1947 τὸν

128 1967 452 2031 ναύσταθμον
491 1966 655 2016 ἐλθεῖν
695 1975 792 2016 τῶν
830 1966 1045 2031 ἕλλήνων

246 2043 310 2089 12
391 2038 458 2104 ιη’
533 2040 823 2105 κατασκευὴ,
864 2040 936 2090 ὅτι
974 2039 1135 2090 εἰκότα
1167 2040 1223 2089 τὰ
1254 2040 1375 2090 κατὰ
1406 2042 1496 2107 τὴν
1527 2043 1688 2109 κρίσιν
1719 2051 1817 2093 τῶν

128 2113 356 2180 ἆχιλλέως
395 2115 559 2165 ὅπλων

244 2192 338 2237 12V
414 2186 486 2238 ιθ’
562 2188 852 2253 κατασκευὴ,
892 2187 965 2238 ὅτι
1003 2188 1166 2238 εἰκότα
1204 2188 1262 2238 τὰ
1299 2189 1422 2238 κατὰ
1460 2189 1550 2254 τὴν
1590 2189 1816 2256 ἆχιλλέως

131 2259 284 2329 ὀργήν

243 2339 336 2385 13ν
410 2334 455 2384 κ’
530 2335 778 2400 ἀνασκευὴ
820 2335 892 2385 ὅτι
931 2335 1023 2385 οὐκ
1061 2335 1222 2386 εἰκότα
1261 2337 1318 2386 τὰ
1356 2337 1479 2387 κατὰ
1516 2338 1602 2389 τὸν
1641 2338 1815 2387 αἴαντα

131 2410 216 2460 τὸν
255 2410 432 2475 λοκρόν
1842 2472 1847 2475 ἱ

244 2485 308 2532 15
387 2480 466 2532 κα’
540 2482 813 2547 κατασκευὴ
855 2483 927 2532 ὅτι
966 2483 1128 2534 εἰκότα
1165 2483 1223 2533 τὰ
1254 2484 1376 2534 κατὰ
1406 2485 1492 2535 τὸν
1521 2485 1696 2535 αἴαντα
1727 2485 1813 2537 τὸν

129 2558 307 2623 λοκρόν

244 2633 337 2680 15v
413 2628 490 2695 κβ’
566 2631 732 2690 κοινὸς
770 2630 918 2690 τόπος
956 2629 1078 2679 κατὰ
1116 2632 1361 2698 προδότου

244 2708 308 2753 17
409 2701 484 2770 κγ’
954 2704 1075 2753 κατὰ
1113 2701 1432 2771 ἀνδροφόνου

242 2780 307 2827 19
407 2774 483 2826 κδ’
947 2777 1071 2827 κατὰ
1110 2779 1355 2844 τυράννου

243 2854 312 2901 20
410 2849 478 2900 κε’
951 2850 1072 2917 ὑπὲρ
1112 2854 1504 2919 τυραννοκτόνου

242 2927 308 2973 21
410 2922 486 2981 κς’
953 2924 1074 2974 κατὰ
1113 2926 1280 2994 ἰατροῦ
1320 2925 1614 2994 φαρμακέως
