2026 3168
186 158 292 210 272
726 159 953 202 LIBANII
984 158 1325 204 ORATIONES

187 290 247 346 δὲ
297 296 390 365 βίᾳ
438 295 728 358 καθίζουσι
778 294 876 346 τὸν
926 292 1301 363 κεκινημένον,
1355 297 1408 349 οἱ
1463 296 1512 349 δ’
1562 296 1865 367 ἀριθμοῦσι

185 383 316 445 τοὺς
364 381 870 451 ἐπεισερχομένους,
924 391 1039 445 τοῖς
1091 382 1139 435 δ’
1179 383 1333 454 ἀρκεῖ
1381 386 1517 455 πρὸς
1565 386 1631 438 τὰ
1682 385 1866 454 φύλλα

185 469 424 538 βλέπειν,
478 479 593 533 τοῖς
632 467 692 523 δὲ
731 474 920 524 λαλεῖν
963 472 992 524 ὅ
1031 491 1084 524 τι
1130 473 1364 540 τύχοιεν,
1417 474 1580 541 ἥδιον
1624 472 1657 541 ἢ
1703 471 1866 542 παρέ-

185 578 303 627 χειν
353 559 554 621 αὑτοὺς
603 565 677 631 τῷ
722 559 926 629 ῥήτορι.
1014 559 1095 612 14.
1150 561 1215 612 τά
1266 559 1315 613 δ’
1365 557 1435 614 αὗ
1485 563 1867 631 νεανικώτερα,

142 668 162 702 5
185 648 284 700 τὸν
322 650 553 716 γνήσιον
589 654 664 720 τῷ
697 650 852 720 νόθῳ
891 648 1097 715 βλάψαι
1135 650 1335 718 κρότον
1372 648 1463 702 καὶ
1510 651 1650 719 βοὴν
1694 651 1867 703 κωλύ-

188 750 279 788 σαι
317 740 617 806 προελθεῖν
655 735 746 789 καὶ
786 737 879 789 διὰ
916 744 1015 789 τοῦ
1055 737 1298 806 θεάτρου
1338 744 1684 808 πορευθῆναι
1732 757 1869 792 παν-

186 825 276 887 τὸς
314 823 623 893 ἀφέλκοντα
660 834 772 878 τῶν
811 827 991 893 λόγων
1037 825 1275 889 ὁπόσους
1321 819 1441 880 οἷόν
1485 847 1567 897 τε,
1617 835 1724 881 νῦν
1769 825 1869 897 μὲν

187 912 464 981 ἀγγελίαις
503 912 886 982 ἐψευσμέναις,
932 921 1040 967 νῦν
1087 912 1135 967 δ’
1182 913 1268 967 ε’πὶ
1309 917 1546 985 λουτρὸν
1582 919 1771 986 κλήσει
1807 918 1869 969 τὸ

185 1002 291 1071 πρὸ
323 1000 571 1071 ἀρίστου,
611 1003 961 1055 δαπανῶνται
994 1004 1097 1072 γὰρ
1133 1004 1199 1072 δὴ
1236 1002 1326 1056 καὶ
1357 1005 1424 1056 τὰ
1454 1005 1680 1058 τοιαῦτά
1710 1024 1869 1068 τινες.

122 1112 164 1144 10
189 1087 306 1142 οὔτ’
344 1086 447 1143 οὗν
492 1091 644 1159 ὑμῖν,
698 1087 739 1143 ὦ
793 1090 951 1144 κακοὶ
1006 1090 1147 1160 νέοι,
1202 1091 1398 1162 κέρδος
1453 1093 1635 1162 οὐδέν,
1690 1095 1869 1163 ὥσπερ

188 1178 319 1231 οὐδὲ
357 1188 474 1242 τοῖς
513 1179 768 1248 ἀποῦσιν,
825 1181 952 1233 οὔτε
997 1187 1072 1252 τῷ
1113 1179 1331 1249 λέγοντι
1377 1183 1437 1234 τό
1488 1201 1549 1249 γε
1599 1180 1687 1251 ἐφ’
1731 1182 1872 1251 ὑμᾶς

186 1263 339 1336 ἧκον,
396 1267 528 1320 ὅταν
568 1268 628 1331 ὃς
665 1270 836 1337 μόνος
875 1268 989 1322 ἐστὶ
1038 1270 1241 1337 μισθὸς
1286 1269 1618 1339 ἐπιδείξεων,
1671 1278 1873 1324 τοῦτον

188 1357 290 1409 οὐκ
330 1358 437 1426 ἔχῃ.

302 1444 384 1497 15.
424 1444 535 1498 Καὶ
576 1445 677 1498 οὐκ
717 1447 787 1499 ἄν
824 1466 890 1514 με
929 1449 1065 1515 φαίη
1105 1467 1187 1509 τις
1226 1456 1598 1516 συκοφαντεῖν
1636 1446 1726 1500 καὶ
1767 1455 1873 1501 νῦν

125 1555 167 1587 15
194 1534 375 1586 αἰτίαν
414 1534 517 1586 οὐκ
556 1530 732 1587 οὖσαν
769 1533 1074 1604 ἐπιφέρειν·
1124 1536 1297 1598 εὐθὺς
1335 1537 1440 1605 γὰρ
1480 1535 1550 1589 ἂν
1589 1534 1649 1589 ἐν
1688 1537 1874 1599 αὐτοῖς

187 1631 304 1684 τοῖς
340 1620 736 1692 πραττομένοις
776 1623 913 1694 ὀργῇ
954 1626 1266 1693 χρήσασθαι
1304 1623 1395 1677 καὶ
1435 1627 1623 1693 λόγοις
1663 1625 1872 1694 ὀργιζο-

187 1710 358 1779 μένου
410 1712 546 1763 κατά
594 1720 706 1764 τῶν
753 1711 1112 1765 ἀδικούντων.
1192 1717 1303 1765 ἴστε
1350 1713 1453 1782 γὰρ
1503 1714 1570 1781 δὴ
1610 1713 1873 1776 πολλάκις

187 1801 349 1852 τοῦτό
395 1820 489 1868 μοι
534 1799 922 1870 πεπραγμένον
967 1799 1057 1853 καὶ
1107 1801 1180 1863 ὡς
1227 1800 1485 1854 ἐκέλευσα
1530 1804 1734 1870 βοήσας
1772 1801 1875 1854 οὐκ

102 1901 145 1944 R
167 1904 250 1943 201
285 1887 530 1956 ὀλιγάκις
564 1889 570 1956 Ι
606 1887 870 1942 ἐπιθέντα
900 1890 1025 1942 τινὰ
1046 1895 1121 1961 τῷ
1139 1896 1239 1942 τοῦ
1273 1890 1663 1960 ρᾳθυμοῦντος
1686 1889 1876 1959 αὐχένι

126 1999 169 2030 20
193 1978 293 2045 τὴν
332 1975 516 2039 δεξιὰν
554 1975 793 2047 ἐκρίψαι·
850 1978 896 2029 εἰ
938 1978 999 2030 δὲ
1037 1978 1108 2046 μὴ
1147 1977 1450 2047 γεγένηται,
1497 1987 1609 2031 τῶν
1648 1978 1875 2047 δεηθέν-

189 2085 300 2117 των
338 2073 517 2118 τοῦτο.

305 2153 387 2205 16.
436 2157 545 2206 Τοῦ
585 2151 687 2221 μὲν
726 2150 830 2207 οὗν
869 2154 1201 2224 ἁμαρτάνειν
1245 2155 1387 2223 ὑμᾶς
1433 2156 1511 2217 εἰς
1557 2152 1649 2224 ἐμὲ
1696 2157 1875 2217 πίστις

192 2241 226 2293 ἃ
264 2250 370 2295 νῦν
411 2242 663 2310 διῆλθον.
739 2252 850 2295 τῶν
889 2241 936 2294 δ’
976 2244 1137 2311 ἡνίκα
1175 2245 1384 2312 ἤκουον
1424 2243 1524 2296 οὐκ
1571 2242 1875 2306 ἀξιούντων

313 2436 365 2474 15
399 2433 454 2475 οὐ
484 2434 634 2482 καλῶς
664 2431 772 2476 οὐδὲ
803 2438 939 2475 τοῦτο
973 2431 1064 2489 ἔχει
1099 2433 1141 2476 V

313 2612 334 2650 1
370 2606 423 2650 οἵ
439 2609 575 2652 PVB
681 2614 706 2650 2
738 2609 847 2660 τοὺς
878 2622 952 2652 om
976 2609 1076 2652 Mor
1190 2613 1216 2651 4
1249 2609 1418 2659 αὐτοὺς
1442 2610 1561 2661 Γχ
1582 2612 1607 2650 5
1633 2610 1835 2651 κωλῦσαι
1855 2613 1874 2651 ⁶?

193 2666 250 2709 cf.
283 2681 327 2722 p.
356 2670 425 2720 90,
446 2670 496 2708 11
622 2671 645 2709 7
678 2666 856 2712 οἴονται
888 2669 962 2711 ΙΒ
1104 2671 1131 2711 8
1162 2667 1356 2722 λουτρὸν
1391 2693 1442 2697 -
1475 2666 1526 2710 τὸ
1560 2666 1726 2723 scripsi
1767 2681 1871 2710 cum

193 2726 260 2768 Re
284 2725 422 2768 Anim
454 2725 534 2780 qui
564 2727 727 2781 pos‘oea
759 2727 863 2769 coni
894 2725 1062 2782 λουτρὰ
1089 2753 1140 2758 -—
1165 2725 1223 2769 τὰ
1336 2728 1530 2780 λουτροῦ
1562 2752 1617 2756 -
1648 2732 1731 2769 τοῦ
1763 2725 1874 2768 libri

193 2784 284 2826 edd
315 2801 369 2840 γρ
402 2784 496 2827 ἀπὸ
527 2786 719 2839 λουτροῦ
743 2785 845 2828 Mor
875 2785 924 2828 in
947 2799 1080 2841 marg
1192 2789 1216 2827 9
1249 2783 1306 2827 τὰ
1338 2798 1413 2827 om
1440 2785 1483 2828 V
1588 2788 1640 2827 10
1674 2801 1728 2840 γρ
1761 2783 1872 2840 ἡμῖν

193 2842 294 2886 Μο1·
323 2843 373 2886 in
403 2855 537 2899 marg
658 2848 708 2887 11
744 2845 914 2887 ἀποῦσι
939 2846 974 2887 Ι
1087 2847 1141 2887 14
1171 2840 1240 2893 τίς
1271 2844 1317 2886 Β
1345 2846 1349 2898 Ι
1378 2843 1457 2886 καὶ
1487 2843 1592 2901 νῦν]
1626 2843 1764 2899 κενὴν
1797 2843 1871 2886 ΙΒ

255 2906 309 2945 15
341 2903 425 2945 οὐκ
458 2899 602 2946 οὖσαν
635 2916 711 2945 om
734 2904 807 2946 IB
836 2904 841 2958 Ι
869 2902 955 2959 γὰρ
987 2897 1044 2958 ἦν
1077 2901 1127 2946 ἐν
1159 2901 1262 2945 coni
1286 2901 1387 2945 Mor
1479 2906 1533 2944 18
1559 2919 1589 2945 α
1620 2901 1668 2944 in
1701 2901 1872 2959 βοήσας

194 2959 243 3002 in
273 2973 347 3003 ras
372 2960 443 3004 Ρ·1
592 2965 646 3003 20
681 2959 895 3018 ἐκτρέψαι
927 2963 1000 3005 IB
1151 2965 1204 3003 22
1240 2957 1322 3004 οὖν
1354 2961 1478 3003 inser
1509 2960 1573 3004 Ρ3
