2026 3168
194 158 296 210 158
731 156 959 200 LIBANII
990 155 1331 201 ORATIONES

345 294 371 311 ΡΙ

191 314 299 363 ριν,
338 314 370 361 η
412 292 475 359 γε’
509 312 575 359 με
615 291 717 345 οὐκ
757 291 978 359 ἐποίησε
1025 294 1194 359 φίλον
1241 291 1403 363 ἀνδρὶ
1451 293 1694 345 δείσαντι
1739 293 1874 358 μετὰ

189 390 360 435 ταῦτα
421 381 667 449 ὕστερον
717 381 789 449 μὴ
851 380 1044 450 φθάσῃ
1107 381 1207 432 τὸν
1267 379 1483 433 ἐκείνου
1545 382 1780 451 σίδηρον
1839 382 1872 450 ἡ

190 473 353 533 νόσος
407 470 783 537 ἀπενεγκοῦσα
837 470 936 522 τὸν
983 467 1255 538 Μάξιμον.
1331 469 1360 522 ὁ
1415 467 1476 522 δὲ
1533 470 1606 532 ὡς
1659 468 1874 538 ἐνίκησε

191 559 395 626 ταύτην
448 558 548 625 τὴν
601 559 786 624 νίκην,
837 554 1106 624 ἑγάννυτο
1155 555 1183 608 ὁ
1229 558 1605 627 κακοδαίμων,
1653 559 1719 611 οὐ
1766 559 1878 627 μὴν

148 669 167 700 5
192 646 287 715 ἐμέ
331 666 390 713 γε
439 651 651 714 ἴσχυσε,
699 654 991 715 προσκυνῶ
1033 641 1094 697 δὲ
1140 645 1241 713 τὴν
1275 643 1648 715 Ἀδράστειαν,
1698 649 1878 700 καίτοι

191 737 352 788 τοῦτό
399 754 460 802 γε
509 734 729 803 ράπτων
777 734 868 786 διὰ
907 736 1256 803 Μαρτυρίου,
1305 735 1549 787 Πισίδου
1593 736 1744 798 τινὸς
1782 735 1875 788 ἀν-

101 837 144 880 R
168 840 249 878 106
274 825 526 892 θρώπου,
551 824 837 891 χαίροντος
860 818 962 890 μὲν
979 821 1259 890 ἀθληταῖς,
1279 822 1557 891 ἀμέμπτου
1579 821 1584 893 Ι
1606 820 1666 876 δὲ
1683 825 1882 892 ἄλλως,

195 913 494 974 δοκοῦντος
541 908 602 964 δὲ
650 917 725 983 τῷ
771 913 967 982 Φήστῳ
1015 913 1207 979 γόητος
1257 912 1348 964 διὰ
1393 912 1455 964 τὸ
1510 918 1874 983 προσκεῖσθαι

191 1005 526 1063 παλαισταῖς.
607 999 726 1052 159.
766 1000 891 1070 περὶ
930 1001 1132 1052 τούτου
1172 1001 1338 1069 μόνος
1384 1001 1521 1070 πρὸς
1566 1003 1739 1069 μόνον
1777 1002 1880 1054 τὸν

126 1112 167 1143 10
192 1090 439 1142 Βάλεντα
480 1089 664 1157 εἰπών,
706 1089 778 1151 ὡς
819 1087 913 1155 ἐμέ
941 1107 998 1141 τε
1037 1087 1107 1141 ἂν
1145 1086 1206 1140 ἐν
1246 1089 1392 1160 αὐτῷ
1425 1089 1627 1160 ῥᾳδίως
1658 1090 1748 1142 καὶ
1778 1090 1878 1142 τὸν

191 1179 510 1247 Εὐτρόπιον
555 1177 688 1245 ἕλοι,
740 1177 995 1230 σπεύδων
1042 1175 1208 1249 ᾤχετο
1258 1178 1334 1239 εἰς
1374 1175 1593 1230 Ἰωνίαν
1639 1176 1728 1230 ἐπὶ
1773 1179 1875 1246 τὴν

191 1267 389 1337 ἀρχήν,
451 1267 588 1319 ὥστε
649 1265 858 1334 γέλωτα
909 1268 1090 1319 πολὺν
1144 1265 1205 1318 έν
1257 1272 1332 1337 τῷ
1389 1267 1719 1338 δικαστηρίῳ
1772 1267 1871 1319 τὸν

193 1356 522 1425 Μαρτύριον
574 1363 876 1424 παρασχεῖν
930 1354 1032 1407 οὐκ
1087 1354 1325 1423 ἑχόντων
1378 1364 1489 1407 τῶν
1541 1356 1873 1420 δικαζόντων

191 1450 411 1512 μαθεῖν,
450 1444 569 1511 ἥτις
607 1443 640 1511 ἡ
681 1443 815 1514 ἀρχὴ
855 1449 931 1514 τῷ
970 1451 1170 1495 τοῦτον
1216 1442 1455 1512 ἀχθῆναι
1501 1443 1734 1512 γένοιτο,
1781 1451 1876 1513 τῆς

127 1555 168 1586 15
194 1532 360 1603 ἀρχῆς
398 1539 498 1585 τοῦ
544 1532 857 1601 πράγματος
905 1531 966 1584 ἐν
1007 1534 1179 1603 σκότῳ
1219 1531 1595 1601 γεγενημένης.
1678 1534 1875 1604 Φήστῳ

191 1619 293 1690 μὲν
343 1617 447 1674 οὗν
497 1616 677 1674 ἆθλον
727 1629 820 1689 τῆς
870 1623 1060 1682 κακίας
1111 1619 1325 1688 ἐγένετο
1379 1622 1573 1690 γάμος,
1628 1621 1726 1674 νέα
1773 1618 1878 1688 μὲν

193 1711 351 1778 γυνή,
392 1710 565 1778 συχνὴ
601 1706 661 1761 δὲ
701 1710 880 1777 οὐσία,
920 1709 1010 1761 καὶ
1046 1716 1153 1761 νῦν
1185 1707 1246 1761 ἐν
1275 1711 1503 1762 πόλεσιν
1536 1709 1598 1772 ἃς
1631 1708 1877 1769 ἐκένωσε,

191 1805 390 1868 τρυφᾷ.

307 1887 424 1939 160.
473 1886 741 1956 Αἰθέριος
789 1884 850 1939 δὲ
899 1886 1133 1955 τέθνηκε
1179 1883 1279 1955 μὲν
1325 1887 1502 1938 πολλὰ
1549 1888 1616 1955 δὴ
1655 1887 1745 1939 καὶ
1783 1905 1876 1953 με-

127 1997 169 2028 20
194 1977 333 2043 γάλα
378 1978 649 2046 πρότερον
695 1974 901 2028 ἐπιδὼν
948 1977 1086 2028 κακά
1131 1975 1223 2028 καὶ
1268 1977 1328 2027 τό
1372 1994 1428 2027 τε
1475 1978 1663 2028 λαλεῖν
1708 1977 1770 2028 τό
1817 1994 1874 2027 τε

194 2065 418 2117 ἀκούειν
457 2064 763 2131 ἀποβαλών.
841 2067 1050 2132 γίνεται
1098 2061 1158 2116 δὲ
1203 2062 1295 2116 καὶ
1336 2063 1498 2126 αὐτὸς
1537 2066 1613 2125 είς
1653 2060 1744 2132 ἐμὲ
1781 2083 1874 2115 κα-

192 2155 304 2220 κός,
343 2153 526 2223 ὥσπερ
560 2152 882 2221 ἀχθόμενος,
916 2152 1000 2205 ὅτι
1029 2172 1095 2219 με
1128 2152 1187 2205 έν
1219 2154 1464 2222 Βιθυνίᾳ
1496 2152 1872 2221 προύβέβλητο

193 2242 281 2293 καὶ
323 2242 485 2294 ὁπότε
523 2261 576 2294 τι
616 2243 865 2309 δείσειεν,
906 2239 986 2293 ἐπ’
1035 2238 1126 2309 ἐμὲ
1165 2240 1478 2309 κατέφευγε.
1547 2242 1641 2302 τὰς
1672 2237 1773 2306 μὲν
1804 2240 1871 2307 δὴ

196 2331 271 2391 εἰς
317 2332 445 2392 τοὺς
496 2332 694 2397 λόγους
743 2329 931 2399 ὕβρεις
981 2330 1151 2382 αὐτοῦ
1202 2328 1618 2399 παραλειπτέον,
1674 2327 1733 2380 ἐν
1787 2320 1871 2389 αἷς

313 2479 338 2516 2
371 2475 547 2530 Eunap.
580 2474 634 2518 fr.
670 2479 737 2517 39.
771 2474 850 2517 vit.
885 2474 1012 2530 soph.
1045 2490 1089 2531 p.
1118 2479 1171 2518 63
1203 2475 1348 2518 Boiss.
1381 2474 1528 2516 Amm.
1561 2472 1708 2515 XXIX
1737 2476 1776 2527 1,
1801 2477 1870 2516 42.

254 2537 278 2575 5
311 2533 428 2576 Plat.
463 2547 558 2589 rep.
585 2533 626 2576 V
651 2537 734 2576 451
753 2533 807 2576 A.
840 2533 969 2577 Dem.
1004 2548 1039 2577 c.
1073 2534 1273 2589 Aristog.
1307 2533 1327 2575 I
1359 2537 1412 2575 37
1444 2547 1489 2588 p.
1518 2535 1614 2586 781,
1648 2536 1673 2574 8

315 2670 336 2707 1
379 2662 585 2708 δείσαντι
623 2679 762 2721 supra
802 2664 1020 2710 δείσαντα
1055 2665 1113 2710 Cf
1199 2663 1419 2709 δείσαντα
1451 2665 1586 2708 ΑΡΒ
1625 2664 1735 2707 Fen·
1772 2664 1872 2706 Mor

193 2723 318 2778 quod
349 2737 450 2766 con·
480 2724 547 2766 Re
646 2729 673 2766 4
703 2724 831 2779 prius
863 2742 890 2769 ν
922 2725 970 2767 in
1003 2724 1225 2780 ἐγάννυτο
1257 2737 1358 2766 eras
1383 2725 1428 2766 P
1515 2727 1539 2765 5
1570 2739 1618 2766 τε
1649 2724 1737 2767 ΑΟ
1762 2723 1872 2766 Fen·

194 2782 295 2825 Mor
336 2783 342 2837 Ι
390 2782 474 2838 τὴν
507 2796 582 2825 om
613 2783 714 2828 BV
748 2783 755 2840 Ι
805 2800 834 2825 α
865 2783 1066 2839 primum
1097 2783 1147 2825 in
1178 2781 1458 2837 ἀὸράστειαν
1489 2781 1537 2824 in
1568 2796 1643 2824 ras
1676 2782 1871 2824 duarum

193 2841 454 2884 lissterarum
489 2840 550 2885 0²
672 2845 696 2884 6
728 2840 863 2885 τοῦτό
895 2842 963 2899 γε]
998 2858 1047 2899 γε
1077 2848 1212 2885 τοῦτο
1244 2843 1290 2885 Β
1413 2846 1464 2884 19
1498 2858 1526 2896 η
1558 2840 1606 2883 in
1638 2841 1696 2897 δὴ
1722 2841 1772 2883 in
1795 2853 1869 2883 ras

193 2899 258 2944 Ρ2
334 2899 386 2944 δὲ
416 2901 462 2943 Α
612 2904 665 2943 21
700 2898 905 2956 γίγνεται
935 2902 979 2944 L
1021 2901 1026 2958 Ι
1070 2900 1127 2956 δὴ
1158 2902 1204 2944 Β
1247 2900 1252 2958 Ι
1295 2900 1361 2950 εἰς
1388 2899 1439 2943 in
1469 2912 1543 2942 ras
1573 2899 1636 2942 12³
1667 2900 1727 2950 ὡς
1756 2899 1802 2943 A

195 2963 249 3001 22
281 2957 562 3016 προβέβλητο
594 2960 637 3003 L
759 2964 813 3002 23
845 2958 889 3002 τί
921 2962 966 3004 Β
993 2961 999 3015 Ι
1037 2957 1319 3016 κατέφευγεν
1351 2961 1396 3003 Β
