2026 3168
660 118 887 164 LLBAMI
919 118 1259 165 ORATIONES
1696 119 1722 170 1
1732 119 1758 170 1
1766 118 1799 170 3

123 260 263 310 λεων
301 257 551 326 ἄργυρον
587 257 855 324 παριόντα
893 256 992 309 τὸν
1036 253 1404 323 ἐξεληλυθότα
1449 255 1658 324 χρυσὸν
1703 259 1799 307 θε-

123 345 384 415 ραπεύειν
433 342 789 412 πειρωμένων
841 352 961 407 τοῖς
1006 344 1153 413 παρὰ
1205 353 1366 413 σφῶν
1419 345 1519 412 τὴν
1571 343 1798 412 βλάβην,

232 432 317 486 62.
364 430 532 485 Ταυτὶ
571 431 672 501 μὲν
712 432 965 501 ἀφείσθω
995 434 1097 501 τὴν
1130 424 1321 501 ζημίαν
1351 430 1548 502 ἔχοντα
1577 431 1639 485 ἐν
1671 433 1799 501 χρή-

117 535 303 591 μασιν,
358 520 392 574 ἃ
447 521 514 589 δὴ
569 521 925 574 διαπτύσειεν
973 519 1043 574 ἂν
1096 520 1238 591 ἀνὴρ
1290 520 1596 590 ἐλεύθερος.
1674 519 1791 573 ἀλλ’

119 608 296 663 ἐνόσει
343 609 444 678 μὲν
489 608 523 678 ἡ
570 610 712 678 γυνὴ
757 615 833 681 τῷ
879 617 1116 679 σοφιστῇ
1154 610 1251 672 τὰς
1297 608 1522 679 φρένας,
1560 609 1589 663 ὁ
1630 606 1691 662 δὲ
1729 609 1798 662 οὐ
1845 629 1864 661 5

118 699 460 767 βουλόμενος
497 696 645 750 ταῦτ’
696 693 838 751 εἶναι
877 705 971 767 τῆς
1001 706 1102 750 τοῦ
1133 699 1380 767 σώματος
1411 699 1679 767 πονηρίας
1709 696 1792 751 ἐπ’

119 785 217 854 ἐμέ
258 806 315 839 τε
353 783 450 855 ἧγε
489 788 590 855 τὴν
629 788 809 840 αἰτίαν
847 785 938 840 καὶ
977 795 1165 849 κακοῖς
1203 786 1467 856 ἑπόμενος
1505 780 1799 857 παραδείγ-

118 889 255 943 μασι.
293 876 679 945 βιβλογράφον
723 876 814 929 καὶ
862 876 1026 939 αὐτὸς
1072 869 1215 928 εἷλκε
1260 875 1352 929 καὶ
1397 875 1684 945 οἰχομένης
1730 876 1801 944 δὴ

119 971 216 1032 τῆς
264 965 528 1031 γυναικὸς
579 963 683 1017 ἀπὸ
733 972 832 1017 τοῦ
884 965 1066 1033 τάφου
1116 965 1248 1033 μετὰ
1299 965 1556 1035 δακρύων
1605 966 1683 1027 εἰς
1735 965 1797 1017 τὸ

118 1052 476 1122 δικαστήριον
522 1052 705 1105 ἐλθὼν
750 1054 1052 1121 κατήγορος
1097 1053 1199 1122 μὲν
1243 1054 1378 1106 κατὰ
1422 1055 1552 1116 τοὺς
1593 1054 1798 1122 νόμους
1823 1074 1865 1106 ιο

120 1141 253 1194 οὐδὲ
301 1141 475 1204 οὕτως
520 1144 749 1210 γίνεται,
795 1149 1065 1195 τοσσῦτον
1112 1139 1172 1194 δὲ
1219 1137 1362 1211 εὗρε,
1401 1143 1462 1195 τὸ
1503 1142 1665 1211 δῆσαι
1702 1142 1800 1194 τὸν

119 1231 436 1301 ἄνθρωπον.
500 1230 585 1283 63.
626 1229 713 1283 ἐπὶ
752 1231 970 1293 τούτοις
1007 1231 1069 1283 τὸ
1105 1236 1111 1295 Ι
1146 1239 1368 1300 πρᾶγμα
1404 1229 1739 1300 ἀνέστραπτο
1771 1243 1813 1287 R
1831 1249 1888 1287 44

117 1327 218 1372 τοῦ
256 1319 359 1388 μὲν
397 1320 704 1387 φεύγοντος
741 1321 842 1388 τὴν
880 1321 1083 1388 κρίσιν,
1124 1318 1258 1388 ἐμοῦ
1303 1319 1364 1372 δὲ
1402 1318 1799 1388 ἐπαναγκάζον-

114 1427 221 1470 τος.
299 1407 328 1461 ὁ
377 1408 632 1475 δικαστὴς
679 1404 740 1460 δὲ
787 1409 893 1477 ἄρα
941 1406 1117 1475 ἐγέλα,
1165 1409 1213 1460 εἰ
1254 1406 1379 1478 περὶ
1419 1416 1654 1476 γυναῖκα
1693 1407 1803 1475 ἐγὼ

114 1497 527 1566 παρανήλισκον
587 1496 686 1549 τὸν
745 1497 996 1549 θάνατον
1057 1497 1300 1566 ὑπερβὰς
1360 1498 1459 1550 τὸν
1512 1498 1800 1565 σοφιστήν,
1825 1519 1866 1552 15

118 1586 302 1654 ὥσπερ
341 1583 412 1637 ἂν
449 1590 505 1637 εἴ
536 1604 618 1648 τις
658 1585 904 1654 ἀθλητὴς
939 1594 1149 1639 κτεῖναι
1188 1583 1329 1655 ἔχων
1367 1586 1466 1638 τὸν
1498 1585 1800 1638 ἀντίπαλον

114 1674 295 1746 τούτῳ
331 1670 433 1742 μὲν
462 1674 682 1743 ἠρνεῖτο
722 1673 1136 1743 συμπλέκεσθαι
1174 1675 1263 1728 καὶ
1304 1674 1540 1741 διέσωζε,
1579 1676 1680 1743 τὴν
1717 1694 1800 1728 τε-

115 1769 327 1815 κοῦσαν
377 1762 439 1815 δὲ
489 1762 659 1815 αὐτὸν
706 1763 910 1832 ἥρπαζε
961 1764 1054 1816 διὰ
1105 1764 1398 1830 δαιμόνων.
1474 1769 1549 1835 τῷ
1588 1763 1691 1830 μὲν
1730 1764 1798 1831 δὴ

118 1852 285 1918 ἔργον
335 1847 409 1918 ἦν
460 1852 706 1919 φεύγειν,
762 1851 791 1904 ὁ
848 1852 1105 1920 δικαστὴς
1159 1851 1236 1919 δέ,
1292 1848 1424 1904 οὐδὲ
1469 1852 1573 1921 γὰρ
1621 1851 1799 1920 ἀνίην,

116 1932 264 1992 εἷλκέ
299 1958 356 1992 τε
396 1940 489 1992 διὰ
526 1948 638 1992 τῶν
675 1939 963 2010 ὑπηρετῶν
1001 1940 1090 1992 καὶ
1130 1939 1499 2008 ἐπηνάγκαζεν
1537 1940 1570 2008 ἢ
1609 1942 1800 2007 λαβεῖν
1823 1963 1866 1995 20

116 2026 150 2095 ἢ
198 2028 397 2081 δοῦναι
447 2028 624 2096 δίκην,
674 2029 773 2081 τὸν
823 2029 927 2097 γὰρ
982 2024 1051 2082 αὖ
1101 2030 1275 2096 νόμον
1324 2028 1425 2081 οὐκ
1470 2026 1568 2081 ἐᾶν
1615 2037 1802 2091 κεναῖς

118 2117 314 2178 αἰτίαις
352 2116 609 2187 ὑβρίζειν.
687 2116 716 2170 ὁ
756 2117 818 2169 δὲ
856 2117 1040 2169 πεσὼν
1081 2115 1286 2169 ἱκέτευε
1316 2117 1388 2185 μὴ
1421 2117 1609 2185 ἄτιμος
1639 2115 1799 2170 ἄπελ-

237 2340 258 2378 1
303 2333 356 2379 ὃν
387 2343 498 2385 παῖς
529 2334 705 2385 ἐκεῖνος
742 2334 1117 2391 υφαιρησάμενος
1147 2333 1293 2403 ᾤχετο
1332 2338 1440 2392 post
1476 2335 1655 2409 χρυσὸν.
1689 2336 1799 2380 Ferr

116 2393 168 2436 in
198 2407 332 2468 marg
362 2394 464 2438 Mor
523 2394 746 2450 expunxit
776 2394 843 2437 Re
942 2399 970 2437 4
1001 2412 1027 2438 v
1053 2412 1112 2438 αν
1143 2395 1193 2437 in
1223 2395 1518 2440 διαπτύσειεν
1551 2392 1610 2438 ἂν
1642 2395 1691 2438 in
1722 2409 1798 2438 ras

121 2451 179 2497 C'r
251 2470 309 2496 αν
342 2466 418 2496 om
441 2454 486 2497 Β
608 2459 633 2497 6
666 2451 892 2509 σωτηρίας
922 2454 966 2497 L
1088 2458 1110 2496 7
1141 2470 1190 2497 τε
1222 2467 1296 2497 om
1322 2454 1365 2497 V
1476 2458 1502 2497 8
1534 2453 1795 2512 βιβλιογρα-
1842 2487 1857 2493 «γ

119 2528 212 2566 φον
245 2512 336 2555 edd
455 2516 480 2555 9
513 2513 607 2556 ἀπὸ
638 2519 719 2556 τοῦ
753 2512 902 2556 denuo
935 2512 1103 2568 incipit
1132 2515 1177 2557 Α
1208 2513 1274 2556 fol
1308 2517 1360 2556 19
1452 2520 1538 2557 τοῦ
1567 2527 1643 2556 om
1675 2515 1720 2557 Β

123 2575 175 2613 11
208 2569 412 2627 γίγνεται
435 2571 479 2614 L
506 2571 512 2629 1
540 2587 711 2627 ευρετο,
736 2574 875 2627 δῆσαι
900 2572 968 2615 Re
991 2571 1130 2614 Anim
1190 2588 1362 2628 ευρετο,
1387 2572 1519 2628 ἔδησε
1543 2572 1647 2616 coni
1672 2572 1797 2616 idem

118 2628 169 2671 in
200 2630 310 2673 edit.
434 2635 486 2674 12
519 2629 832 2686 ἀπέστραπτο
864 2631 905 2673 L
938 2631 1048 2674 Ferr
1077 2631 1127 2673 in
1156 2645 1290 2688 marg
1319 2631 1421 2674 Mor
1451 2632 1518 2675 Re
1640 2636 1694 2674 14
1726 2631 1794 2688 δὲ]

116 2703 166 2730 τε
197 2688 264 2731 Re
392 2693 447 2732 15
487 2707 546 2734 αν
577 2690 626 2732 in
656 2689 1003 2745 παρανήλισκον
1035 2703 1272 2746 suprapos.
1310 2691 1347 2735 G
1356 2690 1384 2743 ²,
1426 2708 1453 2747 η
1486 2690 1535 2733 in
1567 2703 1643 2733 ras
1674 2689 1739 2734 Ρ2

120 2745 366 2801 ἀνήλισκον
397 2748 507 2791 Ferr
580 2747 884 2804 παρέπεμπον
916 2749 1026 2791 Ferr
1055 2749 1104 2791 in
1134 2763 1268 2807 marg
1298 2749 1400 2792 Mor
1529 2754 1580 2792 17
1613 2749 1796 2823 ἠρνεῖτο

121 2818 223 2847 corr
259 2818 315 2848 ex
352 2805 524 2862 ἡιρεΐτο
567 2808 631 2851 (Ju
668 2809 716 2850 et
756 2807 846 2850 Par
887 2807 1061 2864 (Gasda
1091 2808 1111 2850 I
1145 2810 1216 2866 16)
1306 2808 1476 2864 ἡιρεῖτο
1509 2810 1554 2852 A
1646 2806 1796 2867 ᾑρεῖτο

119 2864 254 2908 PVL
285 2864 353 2908 Re
427 2865 581 2921 ἡρεῖτο
613 2867 658 2909 Β
682 2866 792 2909 Ferr
822 2866 923 2909 Mor
957 2867 962 2924 1
1002 2865 1203 2919 διέσωιζε
1235 2867 1322 2911 AG
1440 2871 1492 2910 19
1525 2864 1675 2911 ἀνίειν
1700 2867 1743 2910 V

115 2921 282 2977 ἀνήειν
306 2924 348 2966 L
468 2929 521 2968 21
556 2922 615 2968 αὖ
648 2925 897 2968 delendum
929 2927 1084 2969 censet
1111 2926 1178 2968 Re

209 3004 405 3037 LmAnrus
428 3005 485 3037 ed.
508 3005 746 3039 Foerster.
1505 3003 1530 3041 8
