2026 3168
660 131 886 175 LIBANII
917 124 1256 175 ORATIONES
1694 132 1720 181 1
1730 131 1759 181 7
1768 130 1797 181 7

118 285 176 319 τε
215 264 302 319 ἐπὶ
341 274 435 334 τῆς
473 265 641 335 ἀρχῆς
679 276 791 319 τῶν
828 286 886 320 τε
924 265 1295 320 ἐνοικούντων
1337 273 1435 319 τοῦ
1474 285 1531 318 τε
1570 273 1664 333 τῆς
1703 267 1799 318 πό-

119 357 251 417 λεως
298 356 567 422 σώματος,
614 364 724 408 τῶν
769 353 870 423 μὲν
917 355 983 408 οὐ
1031 355 1435 422 πεινασάντων,
1481 362 1575 422 τῆς
1622 351 1681 406 δὲ
1730 355 1798 406 οὐ

119 446 573 511 κατακαυθείσης,
613 451 712 496 τοῦ
754 444 815 496 δὲ
854 445 1068 513 σχοινία
1108 444 1520 511 διαφεύγοντος.

227 531 349 583 211.
408 530 521 593 Οὓς
567 527 628 583 δὲ
674 539 845 584 ταῦτα
892 530 1209 598 ἀπέπνιγεν,
1257 530 1550 584 ἐπένθουν.
1627 532 1799 584 κακὸν

117 615 178 671 δὲ
217 619 403 682 αὐτοῖς
443 620 510 672 οὐ
549 621 676 672 τόδε
714 622 905 688 μόνον,
945 619 1082 672 ἀλλὰ
1119 618 1208 671 καὶ
1241 618 1398 687 ἕτερα
1428 621 1597 689 μυρία
1635 621 1798 688 τιμὴν
1844 639 1863 672 5

113 704 309 776 ἔχοντα
355 709 614 776 μεγάλην,
663 707 779 762 ἐπεὶ
825 707 915 760 καὶ
960 716 1061 761 τοῦ
1107 710 1285 777 νόμου
1332 710 1567 775 κατεβόα
1604 710 1676 777 μὴ
1717 709 1799 760 δι-

115 797 310 859 δόντος
341 798 394 849 οῑ
432 798 676 865 βαδίζειν
715 798 902 850 οἴκαδε
935 798 1007 859 ὡς
1039 795 1152 865 ε’μέ·
1184 790 1226 868 ᾧ
1258 800 1444 869 πολλῷ
1470 793 1572 863 μὲν
1604 795 1796 866 ἐχρῆτο

116 883 498 955 ὁἨπειρώτης
530 885 754 953 ἐκεῖνος,
779 887 994 938 πλείονι
1027 882 1086 938 δὲ
1117 884 1150 952 ἢ
1185 884 1393 948 ἐκεῖνος
1425 885 1453 938 ὁ
1487 884 1546 938 ἐκ
1575 887 1796 954 Κύρου·

113 980 188 1046 τῷ
221 971 323 1043 μὲν
362 977 535 1041 ὄνομα
574 975 863 1042 Πελάγιος,
903 977 1287 1044 ,Μαρκελλῖνος
1327 971 1387 1027 δὲ
1427 981 1502 1046 τῷ
1535 973 1797 1046 προτέρῳ.
1843 995 1863 1027 9

113 1066 336 1115 πλεῖστα
390 1062 726 1132 ἀνθρώπους
779 1059 839 1115 εὖ
894 1065 1124 1131 ποιήσας
1184 1065 1346 1116 τόνδε
1400 1058 1527 1116 οἶδα
1560 1062 1567 1133 Ι
1601 1064 1699 1116 τὸν
1737 1076 1885 1118 R133

113 1153 318 1221 χρόνον
362 1161 473 1204 τῶν
523 1149 623 1221 μὲν
671 1151 731 1204 ἐν
777 1153 931 1221 χρείᾳ
981 1152 1285 1221 φαρμάκων
1335 1150 1646 1204 ὄντων’ἐπ’
1704 1148 1796 1219 ἐμὲ

114 1242 598 1308 καταφευγόντων,
647 1239 780 1309 ἐμοῦ
829 1237 890 1292 δὲ
930 1240 1119 1302 αὐτοῖς
1159 1240 1251 1292 διὰ
1288 1250 1400 1292 τῶν
1440 1239 1527 1292 ἐπὶ
1565 1248 1661 1309 τῆς
1701 1240 1798 1309 ἆρ-

113 1336 209 1397 χῆς
250 1327 485 1394 ἰωμένου
525 1330 620 1390 τὰς
658 1328 880 1396 πληγάς.

223 1417 345 1469 212.
402 1418 661 1486 Πρόκλου
711 1413 771 1469 δὲ
811 1416 1078 1484 μνησθεὶς
1118 1417 1382 1485 χειμῶνός
1423 1435 1480 1469 τε
1522 1415 1797 1484 μέμνημαι

110 1507 199 1558 καὶ
246 1506 458 1573 αἰγίδος
502 1506 592 1557 καὶ
638 1509 864 1573 πληγῶν
918 1505 1007 1558 καὶ
1062 1506 1301 1571 αἵματος.
1378 1501 1690 1573 ἧνῐμέντοι
1742 1525 1794 1558 τι
1821 1525 1862 1559 15

110 1592 200 1646 καὶ
240 1593 484 1647 ἐνταῦθα
523 1593 742 1662 ἀγαθὸν
781 1592 919 1662 ἐμοί,
957 1594 1019 1646 τὸ
1063 1603 1180 1655 τοῖς
1228 1593 1534 1662 δρωμένοις
1579 1594 1796 1656 τούτοις

111 1683 200 1735 καὶ
240 1684 518 1752 ἄχθεσθαι
557 1682 645 1734 καὶ
686 1683 894 1734 δοκεῖν·
935 1679 1066 1734 οὐδὲ
1114 1684 1219 1752 γὰρ
1265 1681 1388 1753 ᾔειν
1426 1682 1499 1744 ὡς
1539 1683 1724 1750 αὐτόν,
1765 1681 1794 1735 ὃ

110 1773 248 1840 πρὸς
294 1771 396 1824 οὐκ
449 1771 672 1839 ὀλίγους
719 1769 1006 1839 ἐπεποίητό
1053 1791 1146 1838 μοι
1193 1781 1305 1824 τῶν
1351 1769 1440 1824 ἐπὶ
1487 1779 1583 1839 τῆς
1628 1771 1794 1839 αὐτῆς

110 1858 321 1923 τάξεως.
398 1860 734 1928 εὐδοκίμουν
789 1855 894 1912 οὖν
947 1866 1022 1932 τῷ
1069 1861 1216 1926 μίσει
1269 1866 1345 1932 τῷ
1390 1879 1447 1912 τε
1499 1858 1609 1931 ἐμῷ
1657 1861 1795 1928 πρὸς

110 1948 324 2002 ἐκεῖνον
362 1954 437 2020 τῷ
470 1968 527 2000 τε
567 1947 780 2001 ἐκείνου
820 1948 960 2017 πρὸς
1000 1947 1108 2017 ἐμέ,
1154 1955 1229 2020 τῷ
1269 1945 1371 2015 μὲν
1409 1946 1518 2019 ἐμῷ
1557 1954 1794 2020 φανερῷ,
1818 1969 1861 2002 20

226 2128 250 2166 3
285 2122 351 2166 Cf.
383 2122 404 2166 I
436 2127 535 2176 628,
563 2127 586 2165 7
612 2123 664 2165 R.
698 2122 847 2165 Amm.
880 2122 1020 2167 Marc.
1047 2122 1153 2166 XIV
1179 2127 1217 2176 7,
1247 2127 1301 2166 16
1405 2127 1429 2166 9
1464 2136 1534 2179 ep.
1562 2126 1646 2165 993
1666 2136 1732 2178 sq.

111 2187 165 2226 14
197 2197 259 2226 or.
291 2182 413 2225 XLII
443 2184 475 2226 t.
503 2187 527 2225 2
561 2197 604 2238 p.
632 2186 731 2235 412,
759 2186 781 2224 1
801 2196 866 2237 sq.

229 2350 281 2389 15
314 2345 439 2401 αἰγὶς
468 2345 547 2388 καὶ
579 2342 790 2400 καταιγίς
815 2345 858 2388 V
875 2343 931 2387 cf.
957 2344 978 2386 I
1002 2348 1102 2399 613,
1129 2348 1154 2387 3
1179 2345 1222 2388 R
1244 2346 1292 2387 eh
1314 2344 1478 2388 Aesch.
1506 2343 1612 2388 Cho.
1640 2348 1725 2387 578
1749 2343 1793 2387 Κ

226 2497 251 2536 3
283 2490 624 2550 διαφυγόντος-ἱ)
743 2498 771 2536 4
802 2492 1164 2547 ἐσκυθρώπαζον
1195 2494 1303 2549 post
1334 2490 1569 2536 ἐπένθουν
1600 2492 1711 2536 Fcrr
1741 2491 1791 2535 in
1831 2472 1837 2476 „

107 2565 259 2608 marg,
302 2551 434 2595 uncis
464 2551 656 2595 inclusit
686 2551 787 2594 Mor
930 2555 954 2594 8
987 2548 1015 2606 ἢ
1047 2551 1222 2601 ἐκεῖνος
1253 2550 1277 2595 ὁ
1312 2550 1362 2595 ἐκ
1392 2551 1503 2594 Fert
1533 2550 1583 2594 in
1612 2564 1748 2608 marg
1781 2550 1786 2610 Ι

103 2637 274 2689 ’κεῖνος
303 2640 396 2684 ΑΒ
524 2644 550 2682 9
589 2643 884 2695 Μαρκελῖνος
911 2641 952 2683 V
975 2639 1087 2683 Fen·
1208 2645 1260 2683 12
1301 2625 1668 2696 uavaffae'a’ydvvmv
1700 2640 1745 2682 B
1781 2639 1784 2697 ξ

109 2699 266 2748 αὐτοῖς
303 2698 468 2755 scripsi
498 2712 524 2742 c
550 2699 593 2743 V
675 2707 772 2749 τοῖς
801 2699 976 2743 ΑΟΡΒ
1007 2699 1118 2742 Fen·
1207 2699 1367 2750 αὐτοῖς
1395 2705 1493 2750 τοῖς
1522 2699 1566 2742 L
1597 2698 1707 2742 Fen·
1741 2697 1791 2740 in

107 2770 246 2813 marg·
269 2757 371 2800 Mor
400 2758 469 2802 Re
614 2762 667 2801 15
698 2759 761 2816 τι]
792 2756 836 2802 τί
859 2759 902 2802 V
927 2772 1003 2801 om
1034 2759 1126 2806 BL
1257 2762 1310 2800 17
1343 2758 1423 2801 καὶ
1453 2757 1570 2814 (alt.)
1602 2775 1656 2814 γρ
1689 2757 1790 2800 Mor

106 2816 156 2858 in
187 2829 320 2872 marg
379 2830 455 2859 om
485 2817 596 2860 Fen·
626 2817 727 2860 Mor
815 2818 896 2861 καὶ
928 2817 987 2873 δὴ
1018 2816 1086 2861 Re
1230 2821 1283 2860 19
1317 2815 1594 2872 εὐδοκίμουν
1625 2815 1790 2871 scripsi

107 2875 233 2918 eVL
295 2874 397 2918 coll.
429 2875 449 2917 I
483 2880 581 2926 142,
607 2880 654 2929 6;
688 2879 787 2929 573,
814 2880 869 2919 26
894 2876 936 2918 R
1007 2873 1291 2933 ηὐδοκίμουν
1322 2876 1497 2920 AC'PB
1529 2875 1621 2918 edd
1655 2875 1661 2932 Ι
1704 2871 1789 2918 οὖν

107 2935 152 2978 Α
181 2933 231 2976 in
262 2946 394 2990 marg

196 3015 392 3048 Luumms
416 3016 473 3048 ed.
496 3016 739 3050 Foerster.
1468 3012 1522 3051 12
