2026 3168
800 137 1141 183 PRAEFATIO
1755 139 1818 184 IX

135 278 339 340 abrepta
385 280 480 340 est,
526 281 585 327 ut
622 279 778 327 Iulius
816 278 994 339 Adert,
1048 279 1255 328 Photius
1301 279 1681 341 Alexandrides,
1726 280 1817 329 Ivo

132 353 310 414 Bruns,
351 351 555 401 Carolus
593 353 845 415 Dziatzko,
886 351 1090 401 Carolus
1131 353 1356 415 Galland,
1399 352 1602 403 Carolus
1639 354 1819 416 Graux,

132 427 281 490 Hugo
306 427 486 488 Hinck,
518 427 635 476 Otto
660 427 810 489 Keck,
843 426 1148 476 Godofredus
1171 428 1368 489 Kinkel,
1402 428 1554 476 Einar
1581 428 1820 493 Lefstedt,

131 501 339 549 Iacobus
378 501 592 565 Maehly,
632 502 908 550 Fridericus
939 502 1094 558 Matz,
1132 502 1373 551 Rudolfus
1405 502 1566 563 Prinz,
1606 503 1821 551 Ervinus

133 575 324 638 Rohde,
371 575 581 624 Ioannes
624 576 912 638 Sakkelion,
951 576 1245 638 Rudolphus
1287 576 1501 638 Schoell,
1548 576 1819 626 Guilelmus

134 649 312 713 Spitta,
352 650 579 712 plurimis
619 652 745 699 vivis
785 651 992 715 gaudeo,
1030 653 1087 698 ut
1112 649 1347 715 Gregorio
1379 651 1440 698 N.
1473 651 1820 713 Bernardakis,

131 725 391 773 Francisco
408 725 535 786 Boll,
559 725 896 773 Maximiliano
922 725 1130 786 Bonnet,
1157 724 1332 773 Carolo
1358 725 1416 773 de
1433 725 1579 788 Boor,
1596 726 1820 790 Eugenio

132 799 405 860 Bormann,
458 799 708 862 Leopoldo
758 798 914 861 Cohn,
970 798 1215 848 Guilelmo
1264 798 1553 861 Croehnert,
1607 800 1816 863 Iosepho

134 872 381 937 Cugnoni,
425 873 716 922 Wendelino
762 874 1011 935 Foerster,
1063 873 1154 921 Pio
1201 874 1414 922 Franchi
1468 873 1540 922 de’
1561 873 1822 936 Cavalieri,

131 948 358 996 Manuele
399 946 610 1010 Gedeon,
649 948 846 1012 Ignatio
888 946 1058 1010 Guidi,
1099 945 1282 996 Ottone
1320 948 1498 1010 Hense,
1538 948 1722 997 Ioanne
1762 949 1821 997 de

130 1022 632 1084 Heyden-Zielewicz,
662 1021 852 1072 Isidoro
892 1022 1115 1086 Hilberg,
1153 1022 1358 1071 Alfredo
1389 1022 1552 1084 Iacob,
1575 1022 1633 1070 A.
1660 1023 1821 1086 Papa-

132 1097 313 1158 dopulo
345 1096 627 1158 Kerameus,
659 1096 839 1145 Ottone
871 1097 1018 1159 Kern,
1045 1097 1299 1145 Theodoro
1332 1096 1534 1159 Korsch,
1572 1096 1818 1146 Guilelmo

130 1171 289 1232 Kroll,
327 1171 576 1219 Friderico
615 1171 778 1232 Kuhn,
820 1170 1019 1219 Socrate
1051 1170 1264 1234 Kugeas‚
1297 1171 1348 1218 P.
1377 1170 1651 1234 Spyridone
1676 1171 1821 1220 Lam-

132 1246 266 1306 bros,
324 1244 533 1309 Georgio
586 1245 899 1307 Laubmann,
953 1245 1234 1294 Alexandro
1290 1245 1546 1308 Lauriote,
1607 1246 1822 1295 Henrico

132 1314 379 1383 Lebegue‚
417 1319 628 1383 Hugone
667 1319 864 1381 Lincke,
905 1318 1148 1367 Guilelmo
1188 1319 1512 1381 Lundstrom,
1551 1320 1821 1369 Falconero

131 1393 337 1455 Madan,
383 1393 611 1457 Augusto
636 1417 640 1420 ⁴
665 1394 902 1455 Mancini,
956 1393 1183 1442 Aemidio
1238 1396 1287 1442 et
1339 1394 1548 1456 Iosepho
1602 1394 1822 1456 Martini,

131 1466 358 1531 Augusto
397 1468 536 1530 Mau,
576 1467 786 1532 Georgio
826 1469 1020 1531 Mayen,
1060 1468 1097 1515 I.
1138 1468 1347 1530 Mowat,
1385 1467 1652 1517 Parthenio
1691 1468 1819 1531 Pap·

131 1543 480 1604 paiannopulo,
511 1542 679 1591 Aenea
710 1543 1047 1603 Piccolomini,
1079 1542 1138 1590 A.
1163 1542 1219 1590 B.
1245 1542 1488 1605 Poynton,
1528 1542 1621 1592 Pio»
1646 1543 1821 1605 Raina,

133 1614 314 1665 Ottone
375 1617 646 1678 Rossbach,
707 1617 920 1666 Henrico
981 1618 1258 1681 Rostagno,
1319 1617 1532 1665 Henrico
1595 1616 1822 1679 Schenkl,

132 1691 377 1739 Richardo
403 1690 637 1754 Schoene,
653 1691 908 1740 Theodoro
927 1691 1198 1753 Thalheim,
1225 1691 1279 1738 E.
1298 1691 1509 1738 Maunde
1527 1691 1822 1754 Thompson,

131 1765 434 1829 Hieronymo
473 1766 670 1827 Vitelli,
709 1765 960 1815 Ludovico
998 1766 1160 1827 Voltz,
1201 1767 1286 1828 qui
1323 1766 1447 1813 mihi
1483 1765 1536 1813 in
1576 1765 1822 1815 codicibus

133 1839 383 1888 schedisve
421 1841 680 1902 rimandis,
728 1840 1086 1902 examinandis,
1130 1839 1435 1888 conferendis
1475 1855 1675 1901 operam
1710 1840 1820 1902 plu-

132 1913 245 1960 rimi
277 1915 635 1963 aestimandam
664 1916 1032 1977 praestiterunt.
1087 1913 1272 1971 Quibus
1306 1913 1530 1962 omnibus
1555 1916 1706 1962 etiam
1728 1915 1820 1963 hoc

132 1988 239 2035 loco
280 2004 337 2036 ex
369 1990 522 2036 animi
560 1990 805 2036 sententia
845 1991 1009 2053 grates
1050 2004 1194 2053 agere
1230 1987 1442 2036 officium
1478 1989 1602 2038 duco
1641 1990 1819 2053 gratis-

133 2062 323 2110 simum.
402 2063 607 2110 Utinam
652 2063 741 2111 fiat
786 2065 843 2111 ut
882 2063 1032 2110 editio
1078 2065 1155 2110 tot
1203 2063 1457 2124 tantisque
1508 2062 1818 2112 adiutoribus

134 2135 297 2199 digna,
336 2137 500 2185 studio
539 2138 748 2186 rhetoris
779 2137 1076 2186 Antiocheni
1110 2138 1288 2185 summi
1328 2139 1378 2185 et
1407 2137 1667 2186 clarissimi
1705 2154 1817 2200 pro-

132 2211 372 2259 movendo
410 2211 543 2259 haud
580 2212 773 2260 inutilis
812 2212 1100 2274 reperiatur.

247 2285 471 2348 Denique
497 2288 647 2334 etiam
677 2286 998 2348 bibliopolam
1029 2285 1429 2334 honestissimum
1452 2286 1508 2333 B.
1528 2284 1582 2335 G.
1602 2287 1820 2335 Teubne-

134 2378 245 2408 rum
271 2360 614 2408 benevolentia
638 2377 734 2422 qua
757 2361 883 2408 hanc
907 2359 1172 2408 editionem
1196 2361 1483 2422 prosecutus
1508 2362 1583 2409 est
1604 2361 1817 2409 maxime

138 2452 215 2483 me
254 2434 348 2482 sibi
386 2435 661 2483 devinxisse
700 2437 841 2499 grato
881 2435 1046 2483 animo
1085 2434 1331 2497 profiteor.

246 2538 527 2588 Scribebam
543 2539 876 2588 Vratislaviae
902 2538 979 2586 die
1005 2538 1142 2585 XXV
1164 2555 1227 2585 m.
1245 2538 1415 2586 Martii
1440 2539 1556 2586 anni
1579 2536 1814 2587 MCMIII.

1071 2635 1406 2692 Richardus
1443 2636 1740 2693 Foerster.
