2026 3168
663 117 891 166 LIBANH
923 121 1264 167 ORATIONES
1699 123 1808 175 289

123 258 258 312 δέκα
307 259 641 328 συμβούλων
691 258 940 327 ἐμνήσθη
979 257 1222 327 Νέστορι
1271 261 1684 327 παραπλησίων,
1736 259 1809 323 ὡς

126 348 270 401 οὕτω
312 348 549 416 δράσων,
590 347 677 416 ἐφ’
722 348 856 418 ὅπερ
894 344 1042 416 ἧκεν.

239 438 285 489 7.
334 431 480 489 Εἶεν.
557 435 673 489 ἀλλ’
719 436 901 490 ἐκεῖνα
948 437 1051 506 μὲν
1100 436 1296 506 ἀρχαῖα
1340 436 1431 490 καὶ
1481 437 1707 503 παλαιά,
1756 440 1814 489 τί

128 524 219 578 δαὶ
264 523 514 595 Ἡρώδης
565 525 593 578 6
626 524 923 594 Ἀθηναῖος
973 526 1002 579 ὁ
1050 534 1244 579 πονεῖν
1283 527 1466 594 εἰδώς,
1519 526 1548 579 6
1587 532 1663 598 τῷ
1706 531 1813 594 θη-
1855 549 1877 578 4

124 620 313 687 σαυρῷ
361 615 649 679 πλούσιος;
702 614 862 684 τίΙὸαὶ
903 614 932 668 6
974 615 1324 685 Σπαρτιάτης
1378 616 1643 683 σοφιστὴς
1689 614 1718 667 ὁ
1751 627 1898 670 3210

125 710 201 776 τῷ
234 706 420 757 πίνειν
457 703 832 773 εὐπορώτερος
871 705 950 766 εἰς
987 706 1190 771 λόγους
1228 706 1576 773 γιγνόμενος;
1615 707 1672 756 τί·
1700 701 1747 755 δ’
1781 703 1810 757 6

124 790 255 861 παρ’
299 791 512 845 ἐκεῖνον
550 793 652 861 μὲν
691 793 758 845 οὐ
797 794 1087 861 φοιτήσας,
1125 792 1254 862 παρ’
1292 792 1390 845 ἕνα
1429 792 1490 845 δὲ
1527 802 1639 845 τῶν
1677 791 1812 846 ἐκεί-

127 901 230 933 νου
284 886 567 950 μαθητῶν,
617 882 645 935 ὁ
694 882 1092 950 Καππαδόκης,
1148 874 1190 935 ὦ
1237 880 1328 934 καὶ
1382 887 1647 934 τεθνεῶτι
1700 890 1813 934 τῶν

127 969 402 1036 βασιλέων
439 989 524 1032 τις
567 971 667 1023 τὸν
704 973 904 1039 νεκρὸν
949 972 1175 1039 τιμήσας
1222 970 1521 1039 απέπεμψε;
1598 971 1648 1023 8.
1686 971 1813 1023 τού-

126 1077 227 1110 του
265 1060 707 1127 μακροβιώτερος
744 1056 831 1128 ἦν,
870 1052 913 1132 ᾧ
946 1064 1123 1128 πολλή
1153 1079 1234 1122 τις
1272 1059 1305 1128 ἡ
1346 1060 1494 1127 παρὰ
1531 1068 1643 1112 τῶν
1681 1077 1814 1128 προ-
1838 1083 1880 1114 10

127 1149 311 1215 λόγων
371 1146 506 1210 δόξα
565 1150 1128 1217 παρευδοκιμούντων
1188 1151 1318 1210 τοὺς
1379 1148 1596 1216 ἀγῶνας
1657 1148 1815 1220 αὐτῷ.

128 1232 290 1298 οὗτος
319 1239 515 1289 τοίνυν
548 1236 576 1290 6
603 1237 909 1305 Αἰγύπτιος
940 1237 1041 1290 οὐκ
1073 1236 1135 1290 ἐν
1166 1237 1385 1309 πλούτῳ
1418 1237 1519 1306 μὲν
1545 1237 1814 1305 ἀπῆλθεν,

128 1323 306 1393 ἀφῆκε
346 1325 408 1378 δὲ
445 1345 547 1394 την
585 1327 769 1394 ψυχὴν
807 1327 946 1378 ἄνευ
980 1326 1203 1395 πλανης.

239 1413 288 1465 9.
309 1412 468 1466 Ἀλλὰ
497 1422 610 1466 τῶν
641 1413 888 1467 ενταῦθα
917 1434 983 1484 με
1015 1415 1203 1482 βούλει
1229 1421 1566 1483 μεμνῆσθαι;
1607 1414 1816 1468 οὐκοῦν

126 1501 397 1570 ὑγιαίνων
441 1502 544 1570 μὲν
582 1502 842 1565 Αἰδέσιος
893 1505 989 1566 τὰς
1035 1503 1242 1610 φρένας
1287 1503 1476 1577 ὤχετο,
1530 1504 1696 1558 ταύτὸ
1752 1504 1814 1557 δὲ
1840 1528 1880 1560 15

126 1588 334 1659 ὑπῆρξε
371 1599 488 1654 τοῖς
524 1590 638 1660 μετ’
684 1590 922 1657 ἐκεῖνον;
963 1587 1042 1645 ὧν
1080 1591 1185 1661 εγὼ
1225 1599 1300 1666 τῷ
1333 1593 1684 1665 πρεσβυτέρῳ
1716 1593 1824 1646 τὸν

128 1684 255 1733 ἴσον
284 1681 523 1748 βεβίωκα
553 1682 759 1750 χρόνον
789 1681 880 1734 καὶ
912 1676 1040 1734 οἶδα
1070 1701 1133 1749 γε
1163 1685 1449 1751 θρηνήσας
1480 1682 1652 1735 αὐτὸν
1674 1682 1815 1752 ὑπὲρ

128 1770 259 1831 τοὺς
303 1769 531 1836 ἄλλους,
570 1769 695 1832 νέος
739 1779 852 1822 τῶν
897 1769 1113 1823 ἐκείνου
1154 1771 1441 1839 ρευματων
1479 1770 1822 1837 ἀποστερού-

128 1873 312 1924 μενος·
352 1861 530 1910 καίτοι
582 1861 886 1928 ληροῦντος
935 1859 1277 1923 ἀπελθόντος
1313 1862 1371 1912 τί
1405 1866 1642 1930 θρηνεῖν
1679 1860 1827 1925 ἔδεις-

125 1943 243 1998 ἀλλ’
275 1940 427 2014 οἶμαι
465 1947 564 1999 τὸν
595 1949 868 2016 σοφιστὴν
906 1947 1235 2017 εὑρίσκομεν
1266 1947 1393 2001 καθ’
1425 1947 1658 2017 ἑκάστην
1687 1948 1813 2018 ἡμέ-
1837 1973 1880 2004 20

126 2053 232 2101 ραν
271 2033 606 2090 ἐπιδιδόντα.

245 2171 272 2209 4
296 2166 512 2210 Philostr.
538 2167 616 2210 vit.
643 2167 772 2223 soph.
798 2167 840 2210 H
867 2173 904 2221 1,
925 2172 979 2211 15
1003 2182 1048 2223 p
1070 2171 1123 2211 73
1157 2170 1203 2211 et
1228 2173 1252 2211 2
1278 2183 1322 2224 p
1350 2173 1404 2212 56
1506 2173 1531 2212 8
1556 2168 1814 2212 Pausanias

127 2223 448 2268 Caesareensis
481 2182 823 2281 (Philostrp1.1.
852 2226 892 2269 11
917 2229 1019 2283 13)?
1164 2232 1217 2270 12
1249 2226 1546 2270 Ptolomaeus
1576 2228 1649 2270 vel
1671 2227 1816 2284 Apol-

124 2282 278 2326 lonius
309 2283 383 2327 vel
413 2284 579 2328 Pollux
607 2285 912 2330 Naucratitae
953 2285 1185 2342 (Philostr.
1218 2285 1247 2328 1.
1281 2286 1310 2329 1.
1343 2286 1386 2329 H
1411 2291 1478 2339 15,
1507 2292 1554 2340 23
1585 2287 1628 2330 H
1654 2290 1756 2344 12)‘.>

129 2347 183 2386 15
215 2342 394 2399 Eunap.
427 2343 506 2386 vit.
541 2344 670 2400 soph.
705 2348 776 2398 48,
801 2349 911 2399 Ssq.
1074 2349 1127 2388 16
1168 2344 1397 2388 Zenobius
1437 2345 1494 2388 cf.
1529 2361 1573 2402 p.
1610 2350 1708 2399 130,
1736 2351 1814 2401 15;

131 2406 229 2456 134,
249 2406 300 2444 11
334 2405 382 2445 et
413 2416 484 2458 ep.
517 2407 601 2446 407

246 2517 318 2563 2
350 2523 399 2564 et
429 2539 463 2565 ω
495 2521 545 2564 in
575 2519 695 2565 οὕτω
726 2521 776 2564 in
806 2535 882 2564 ras
914 2521 986 2566 P²
1061 2530 1196 2566 τοῦτο
1237 2523 1281 2567 U
1426 2528 1452 2566 4
1486 2523 1536 2568 δὲ
1581 2524 1814 2568 VBMMo

127 2579 263 2636 Bong
394 2585 420 2623 5
453 2580 503 2624 δὲ
546 2581 808 2624 VIBMMo
839 2581 972 2638 Bong
1003 2580 1207 2625 Sintenis
1337 2586 1362 2625 6
1395 2583 1714 2638 εὐπορώτατος
1744 2585 1779 2626 Ι
1805 2583 1810 2641 Ι

128 2636 370 2706 γινόμενος
399 2639 478 2683 IV
501 2639 508 2697 Ι
536 2640 616 2683 δαὶ
640 2641 675 2683 Ι
744 2640 795 2684 δὲ
822 2641 924 2684 ΒΜ
1049 2644 1075 2683 9
1105 2638 1176 2691 τίς
1216 2642 1477 2686 VIBMMo
1505 2644 1511 2698 Ι
1539 2640 1824 2698 ἀπέπεμψεν-

131 2698 176 2740 Β
298 2701 352 2740 10
377 2697 458 2743 διὰ
482 2699 594 2743 ΒΜ
612 2698 746 2756 Bong
867 2703 919 2741 11
947 2697 1091 2751 δόξαν
1110 2702 1194 2744 Mo
1218 2700 1301 2744 sed
1323 2718 1351 2744 ν
1376 2714 1559 2744 erasum
1681 2706 1736 2744 14
1759 2717 1815 2756 με

130 2754 317 2811 scripsit
347 2756 416 2800 Re
446 2770 471 2801 e
497 2759 582 2802 Mo
654 2774 731 2813 μοι
762 2757 932 2813 reliqui
962 2757 1074 2802 libri
1102 2758 1237 2817 Bong
1359 2764 1412 2803 15
1445 2758 1595 2804 αἰδέσι
1628 2775 1680 2811 ος
1711 2774 1818 2804 cum

128 2822 292 2858 rasura.
320 2815 457 2859 unius
489 2816 560 2860 vel
593 2817 790 2859 duarum
818 2816 1083 2860 litterarum
1114 2818 1159 2862 U
1290 2823 1343 2861 18
1375 2818 1510 2868 νέους
1535 2820 1618 2862 Mo
1660 2822 1666 2874 Ι
1708 2835 1737 2861 ν
1766 2818 1822 2862 111

130 2870 348 2917 ἐκεῖνον’
334 2889 385 2917 111
406 2888 482 2918 ras
508 2875 579 2918 Ρ2
606 2878 612 2931 Ι
640 2874 1005 2948 ἀπεστερημένος
1031 2876 1095 2920 Re
1204 2882 1256 2920 19
1283 2878 1362 2921 καὶ
1386 2876 1430 2921 τί
1456 2879 1489 2920 Ι
1590 2881 1646 2921 20
1670 2880 1815 2922 καθε-

134 2930 307 2987 κοὶστην
333 2934 416 2977 Mo
1798 2952 1801 2954 ’

218 3013 417 3047 ΙΛΒΑΜΠΒ
441 3016 499 3048 ed.
524 3015 587 3048 Fo
654 3020 763 3048 ter.
1496 3014 1548 3052 19
