2026 3168
166 157 274 210 300
709 155 954 200 LIBANII·
970 156 1310 201 ORATIONES

75 305 119 350 R
143 311 229 350 224
255 294 350 361 σύ,
385 293 699 364 Ιπρότερον
729 291 848 364 με’ν,
887 292 1050 361 ἡνίκα
1079 302 1191 346 τῶν
1223 292 1454 363 ἑταίρων
1485 295 1610 347 τινὰ
1639 293 1854 363 πέμψας

164 380 358 451 ἠξίουν
388 389 569 452 γραῦν
591 383 716 434 τινὰ
748 382 910 450 δίκην
934 382 1153 435 δικάσαι
1185 385 1408 435 πολλῶν
1439 382 1577 436 ἐτῶν
1609 382 1858 452 ἀριθμὸν,

164 471 533 539 ἀνηλωκυῖαν,
576 471 815 540 ὕστερον
854 469 939 539 δέ,
985 470 1148 539 ἡνίκα
1192 469 1263 539 με’
1296 490 1380 533 τις
1415 480 1525 524 τῶν
1563 471 1853 543 ὑπηρετῶν

164 561 371 628 ἔφησεν
402 558 638 612 ἕπεσθαί
667 573 770 612 σοι.
831 557 920 612 καὶ
952 559 981 612 ὁ
1013 556 1114 627 μὲν
1152 558 1285 632 ᾤετό
1327 574 1387 612 σε
1424 561 1645 629 πήδημα
1684 561 1855 620 συνάή

119 670 140 703 5
163 652 292 713 ψειν
344 657 461 711 τοῖς
512 649 750 718 πρώτοις
805 648 1030 724 ῥήμασι,
1086 650 1155 701 σὺ
1211 645 1272 701 δὲ
1324 649 1423 701 τὸν
1476 649 1578 718 μὲν
1627 648 1852 717 ἀπειλῆς

165 736 321 801 ἄξιον
359 737 563 806 ἡγήσω,
602 738 702 790 τὸν
741 737 967 807 ἡνίοχον
999 738 1060 790 δὲ
1090 744 1165 810 τῷ
1197 735 1327 790 ποδὶ
1367 738 1504 807 πρὸς
1542 737 1703 806 τάχος
1742 737 1849 792 ἐκί-

163 839 356 896 νησας,
400 827 538 894 πρὸς
578 823 638 879 δὲ
677 826 776 878 τὸν
813 828 1279 896 παρακαθήμενον
1322 820 1491 894 εἶπες,
1531 827 1616 880 ὅτι
1653 826 1854 880 πάλιν

165 909 355 976 οὗτος
403 915 543 983 ἥκει
593 916 812 978 κόψων
850 915 1012 984 ἡμᾶς
1059 908 1155 977 οἷς
1202 916 1591 983 φλυαρήσει·
1642 912 1856 983 ἐγὼδὲ,

163 1000 415 1073 τάκριβὲς
453 1003 555 1072 μὲν
585 1003 821 1074 ὕστερον
852 1002 1162 1072 ἐπυθόμην,
1201 1006 1323 1056 τότε
1358 1004 1420 1056 δὲ
1451 1003 1509 1056 ἐκ
1539 1013 1650 1056 τῶν
1681 1003 1850 1072 ὀμμά-

97 1113 140 1147 10
163 1111 274 1144 των
311 1093 414 1161 τὴν
443 1093 669 1162 γνώμην
701 1092 881 1162 εὑρὼν
912 1093 987 1155 ὡς
1017 1093 1241 1162 τάχιστα
1280 1092 1555 1162 ἀπῆλθον,
1596 1092 1754 1161 ἀφεὶς
1789 1092 1851 1144 τὸ

156 1179 288 1249 ’περὶ
329 1176 408 1233 ὧν
447 1180 682 1250 ἀφῖγμαι
722 1182 1096 1250 διαλεχθῆναι.

284 1376 309 1414 2
341 1371 560 1427 ἀριθμῶν
590 1373 625 1415 Ι
757 1377 785 1414 4
818 1386 901 1416 σου
934 1374 1018 1416 Mo
1161 1376 1187 1415 8
1219 1371 1353 1429 κόψω
1387 1386 1491 1416 cum
1520 1385 1683 1415 rasura
1713 1371 1854 1414 unius

162 1429 349 1474 litterae
385 1432 429 1476 U
557 1435 581 1474 9
616 1430 659 1474 δ’
689 1431 801 1474 ΒΜ
820 1431 954 1488 Bong
1090 1436 1142 1475 11
1177 1430 1385 1489 ἀφίγμην
1418 1430 1595 1486 Gasda,
1628 1433 1677 1474 at
1702 1430 1758 1474 cf.
1785 1443 1848 1474 or.

161 1489 184 1532 Ι
205 1504 250 1546 p.
271 1493 339 1543 97,
361 1494 415 1533 10
447 1489 807 1566 ἀπολογήσομαι.
871 1505 933 1534 01·
960 1491 1023 1535 VI
1049 1495 1072 1544 ἓ
1100 1496 1125 1533 9
1149 1505 1193 1547 p.
1221 1495 1320 1545 243,
1341 1495 1394 1534 12
1426 1490 1468 1534 R
1498 1490 1677 1548 ἡγεῖται
1709 1491 1756 1533 et
1786 1489 1849 1532 ib

164 1553 188 1602 ξ
216 1553 270 1592 17
301 1564 346 1605 p.
360 1553 548 1605 245,1Ο
582 1548 739 1593 οἴεται.
