2026 3168
177 132 282 187 106
716 133 944 176 LIBANII
974 132 1315 178 ORATIONES

175 270 370 323 στάσιν
409 271 664 337 οἰόμενοι.
741 269 828 322 45.
875 269 948 332 ὡς
995 265 1056 321 δὲ
1095 269 1148 322 οἱ
1194 269 1294 335 μὲν
1341 267 1550 322 ἑαυτῶν
1596 268 1851 337 ἐγένοντο

175 360 229 412 οἱ
266 361 813 429 παραφρονήσαντες,
860 357 888 411 6
930 358 991 410 δὲ
1030 358 1214 427 ἄρχων
1256 356 1547 426 ἐπανῆκεν,
1587 357 1615 411 6
1657 359 1854 425 δεσμὸς

175 444 236 500 δὲ
280 443 351 516 ἦν
396 449 543 517 παρὰ
588 449 717 510 τοὺς
755 449 975 516 νόμους,
1016 446 1044 499 6
1084 445 1203 515 μέν,
1242 447 1314 509 ὡς
1356 446 1479 516 ἐμοί
1513 467 1570 500 τε
1609 446 1701 500 καὶ
1739 455 1853 510 τοῖς

172 538 362 605 νόμοις
408 538 596 605 ἔμελλε
642 539 948 604 βοηθήσειν
995 536 1193 605 αὔριον
1238 534 1330 588 καὶ
1378 536 1450 598 ὡς
1496 537 1562 589 οὐ
1618 521 1854 605 σμικρὰν

130 645 149 677 5
174 627 401 693 λήψοιτο
443 626 621 693 δίκην,
661 625 991 693 παρεδήλου,
1029 633 1141 676 τῶν
1180 624 1242 677 δὲ
1281 622 1342 676 ἐν
1377 625 1559 696 τρόμῳ
1597 643 1655 677 τε
1693 643 1853 678 κατα-

174 713 422 765 στάντων
460 713 549 764 καὶ
590 712 860 780 ἀλλήλους
898 711 1254 781 αἰτιωμένων,
1295 705 1384 765 οἷα
1424 711 1771 781 ἐβούλευσας,
1810 709 1852 765 ὦ

174 802 386 868 δαῖμον.
469 801 593 871 περὶ
640 799 806 869 μέσας
853 801 1054 863 νύκτας
1106 799 1352 868 ἐξέβαλες
1397 808 1492 869 τῆς
1538 801 1703 871 ἀρχῆς
1755 803 1853 855 τὸν

166 887 526 958 Ἀλέξανδρον
578 888 670 942 καὶ
730 889 1048 959 παρέδωκας
1102 890 1210 958 ἅμα
1269 889 1443 960 ἡμέρᾳ
1497 893 1739 962 Λιμενίῳ
1791 891 1852 943 τὸ

172 979 325 1046 ἄστυ,
374 980 660 1048 συνωμότῃ
701 975 802 1047 μὲν
848 979 951 1032 οὐκ
997 978 1067 1032 ἂν
1116 980 1304 1047 φαίην,
1352 978 1613 1051 ἀνωμότῳ
1657 979 1718 1032 δὲ
1762 980 1854 1032 καὶ

99 1088 148 1120 -10
170 1067 237 1118 τὰ
283 1067 421 1119 αὐτα
465 1066 810 1139 βουλομένω·
855 1068 988 1130 θεὸς
1032 1068 1134 1134 μὲν
1179 1068 1283 1136 γαρ
1331 1069 1535 1135 ήθελεν
1580 1063 1722 1121 εἶναι
1762 1068 1854 1120 δο-

170 1163 313 1223 κεῖν,
361 1154 466 1223 ἐγὼ
514 1152 576 1208 δε
615 1156 785 1209 αὐτὸν
825 1153 956 1209 οὐδε
1000 1157 1306 1209 σπουδαῖον
1344 1155 1595 1225 ἐνόμιζον
1634 1157 1853 1226 ἄνθρω-

169 1261 391 1312 πον,ω
355 1298 368 1315 Ι
431 1263 492 1312 γε
530 1239 601 1312 ἧν
638 1245 670 1314 ἡ
711 1246 923 1314 σπουδὴ
969 1249 1326 1313 γελασθῆναι.
1401 1245 1487 1298 46.
1546 1240 1706 1308 ουτος
1747 1247 1853 1315 πρὸ

169 1339 264 1400 τῆς
303 1331 470 1402 ἀρχῆς
509 1353 570 1386 εν
608 1333 783 1405 ἀγορᾷ
820 1335 1133 1402 καθήμενος
1169 1333 1334 1406 ήτησε
1364 1335 1511 1404 παρὰ
1543 1343 1637 1403 τῆς
1678 1335 1853 1404 Τύχης

171 1422 248 1483 εἰς
300 1430 569 1475 τοσοῦτον
621 1424 723 1491 τὴν
777 1423 972 1492 ἀρχήν,
1029 1421 1090 1476 ἐν
1144 1422 1254 1494 ὅσῳ
1319 1421 1519 1491 γένοιτ’
1581 1422 1652 1476 ἂν
1712 1424 1858 1495 αὐτῷ

104 1531 146 1565 15
170 1517 378 1563 κτεῖναι
416 1509 522 1577 ἐμέ.
584 1512 847 1579 λαβόντος
887 1507 991 1564 οὖν
1032 1513 1093 1564 τὸ
1127 1512 1367 1576 δικάζειν
1397 1514 1593 1580 ἔμενον
1623 1511 1652 1564 6
1683 1519 1853 1565 ταῦτα

170 1599 329 1661 εἰδὼς
368 1597 475 1668 ἐγὼ
513 1601 789 1653 πιστεύων
820 1596 967 1653 εἷναί
997 1619 1051 1653 τι
1082 1599 1334 1669 τάληθές,
1366 1607 1464 1653 τοῦ
1498 1600 1852 1670 γραφομένου

170 1687 232 1740 δὲ
270 1688 372 1740 οὐκ
411 1690 569 1751 ὄντος
607 1696 748 1742 νοῦν
788 1708 848 1757 γε
887 1691 1040 1758 ἔχων.
1116 1697 1228 1742 τῶν
1266 1688 1629 1758 ὀμωμοκότων
1668 1690 1720 1742 οἱ
1751 1686 1853 1758 μὲν

171 1775 522 1839 ἐπαινοῦντες
554 1776 767 1830 ἐκεῖνον
799 1778 963 1831 λύσιν
990 1777 1353 1847 ἐμαντεύοντο
1385 1787 1499 1840 τοῖς
1525 1777 1852 1847 δεδεμένοις,

172 1865 384 1928 ὡςούκ
423 1864 494 1919 ἂν
530 1865 746 1919 ἐκείνου
786 1867 1132 1935 παραβάντος
1169 1867 1268 1919 τὸν
1306 1865 1431 1936 περὶ
1461 1874 1631 1920 ταῦτα
1661 1868 1851 1935 νόμον,

103 1975 146 2007 20
170 1953 198 2006 6
241 1951 301 2006 δὲ
339 1955 443 2024 πρὸ
483 1962 583 2007 τοῦ
623 1957 796 2024 νόμου
827 1958 958 2018 τοὺς
989 1956 1387 2017 κολακεύοντας
1420 1956 1746 2024 αἰδούμενος
1785 1955 1850 2008 οὐ

171 2043 440 2096 διώκοντα
479 2042 642 2113 ὁρῶν,
682 2043 749 2095 οὐ
796 2044 1076 2112 φεύγοντα
1121 2042 1349 2106 καλέσας
1397 2043 1570 2113 ἀρχὴν
1617 2041 1850 2096 ἐποιεῖτο

168 2139 262 2200 τῆς
300 2133 530 2201 κρίσεως
566 2139 665 2184 τοῦ
704 2132 1055 2202 ταλαιπώρου
1094 2133 1194 2201 τὴν
1232 2132 1495 2200 βάσανον,
1535 2130 1596 2184 ἐν
1635 2125 1669 2201 ᾗ
1707 2141 1852 2202 πρῶ-

169 2238 267 2271 τον
305 2221 515 2288 ἤκουσα
554 2222 887 2288 βασανιστάς
926 2220 1190 2273 ἀπειπεῖν.
1267 2221 1354 2272 47.
1397 2222 1576 2290 πρίων
1616 2221 1682 2289 δὴ
1722 2222 1851 2282 τοὺς

81 2320 124 2364 R
145 2323 199 2363 36
225 2307 453 2371 ὀδόντας
483 2310 575 2361 καὶ
608 2309 615 2377 Ι
649 2317 750 2362 τοῦ
781 2329 843 2377 γε
875 2308 1136 2379 δευτέρου
1171 2310 1417 2378 σώματος
1448 2307 1851 2378 ἀποκρουσθεὶς

105 2417 147 2450 25
172 2395 431 2462 ἀξιώματι
476 2404 586 2466 πῦρ
633 2398 842 2466 ἠπείλει
886 2403 962 2469 τῷ
1002 2396 1448 2468 κατατετμημένῳ
1499 2397 1728 2464 φάσκων
1782 2397 1848 2449 οὐ

171 2483 355 2552 λήξειν
393 2485 497 2554 πρὸ
537 2495 649 2538 τῶν
687 2486 833 2558 αὑτῷ
869 2488 1049 2555 φίλων
1096 2486 1364 2556 ῥημάτων.
1441 2485 1530 2537 καὶ
1577 2485 1685 2553 ἅμα
1733 2483 1848 2553 ἐμοὶ

290 2633 345 2672 23
377 2628 481 2683 ἤτοι
509 2630 805 2686 θυμούμενος
831 2632 874 2675 V

290 2765 313 2803 1
347 2761 430 2818 μὲν
458 2761 580 2820 (ἐν)
614 2761 790 2805 ἑαυτῶν
823 2761 968 2806 Cobet
990 2762 1119 2805 Misc.
1147 2766 1231 2805 146
1323 2766 1350 2804 4
1381 2760 1551 2817 μικρὰν
1571 2762 1651 2806 VL
1743 2766 1769 2804 5
1801 2777 1849 2806 τε

171 2834 246 2863 om
271 2821 315 2864 V
425 2825 450 2863 9
482 2821 565 2864 καὶ
595 2820 873 2865 delendum?
993 2826 1047 2865 15
1079 2819 1286 2872 δεκάζειν
1317 2821 1362 2864 L
1489 2824 1541 2863 17
1573 2836 1623 2877 γε
1655 2835 1730 2865 om
1761 2821 1805 2865 L
1838 2819 1844 2878 Ι

172 2877 370 2937 ἐχόντων
401 2880 444 2923 L
578 2883 632 2922 23
665 2879 773 2931 τοὺς
801 2879 1084 2981 ζασανιστὰς
1116 2880 1219 2923 coni
1250 2880 1318 2922 Re
1446 2883 1500 2921 26
1534 2880 1660 2939 αὐτῷ
1685 2879 1849 2935 scripsi

171 2951 277 2981 cum
308 2939 352 2982 L
415 2938 538 2998 αὐτῷ
563 2938 733 2994 reliqui
764 2938 800 2981 li
834 2940 874 2982 ri
906 2940 953 2982 et
983 2939 1075 2982 edd
