2026 3168
653 188 881 232 LIBANII
911 186 1253 232 ORATIONES
1691 187 1794 239 129

114 327 223 393 ζῆν.
299 322 420 393 ἐμοὶ
468 324 530 377 δὲ
584 319 664 377 ὧν
713 324 1086 393 ὑπισχνοῦντο
1141 331 1254 375 τῶν
1305 323 1558 391 μεγάλων
1611 325 1795 391 μεῖζον

109 408 182 481 ἦν
218 413 279 466 τὸ
318 417 460 465 οἴκοι
502 416 611 481 ζῆν.

224 501 307 553 93.
341 499 685 570 Ἀναβαίνων
724 503 792 570 δὴ
829 502 891 554 τὸ
929 501 1061 568 μετὰ
1098 501 1196 553 τὸν
1233 509 1454 570 πρῶτον
1483 509 1595 553 τῶν
1627 505 1797 553 σταθ-

111 599 232 657 μῶν
277 590 528 658 ἄναντες,
577 587 643 643 οὗ
691 592 852 658 λόγος
895 594 1312 656 κατακαυθῆναι
1357 590 1486 650 τοὺς
1527 590 1798 657 Γίγαντας

110 677 453 747 μαχομένους
481 688 597 741 τοῖς
627 684 798 746 θεοῖς,
837 686 1036 748 μικροῦ
1068 686 1132 747 τῇ
1166 678 1353 749 ῥάβδῳ
1384 685 1483 730 τοῦ
1515 678 1576 730 τὸ
1609 680 1797 745 ζεῦγος
1843 698 1863 730 5

113 764 444 830 ἐλαύνοντος
496 769 594 820 τὸν
646 767 942 836 ὀφθαλμὸν
997 765 1279 836 ἐξεκόπην,
1343 767 1480 820 ὥστε
1532 766 1622 819 καὶ
1676 776 1797 820 τοῖν

111 856 418 926 βλεφάροιν
448 856 508 909 τὸ
532 857 786 909 κάτωθεν
814 856 1064 925 ῥαγῆναι,
1089 856 1188 908 τὸν
1216 855 1512 924 ὀφθαλμὸν
1540 851 1601 908 δὲ
1626 856 1798 908 αὐτὸν

112 943 144 1012 ἡ
203 945 348 1013 Τύχη
408 944 687 998 διέσωσεν.
778 944 864 998 94.
906 944 1134 1007 ,ἀνύσας
1182 946 1379 997 τοίνυν
1431 945 1532 1012 τὴν
1584 945 1795 1012 πολλὴν

117 1031 251 1085 ὁδὸν
281 1037 491 1100 μᾶλλον
520 1033 554 1102 ἢ
586 1034 720 1102 πρὶν
751 1032 1146 1103 ἐδυσχέραινον
1176 1034 1237 1086 τὸ
1268 1036 1487 1102 χωρίον.
1527 1017 1698 1085 εἰπὼν
1729 1034 1797 1101 δὴ

115 1122 254 1189 πρὸς
290 1122 388 1174 τὸν
426 1124 665 1191 ἄρχοντα
704 1121 737 1174 ἃ
776 1132 994 1191 φρονῶ,
1033 1123 1122 1175 καὶ
1162 1125 1397 1191 βοηθεῖν
1434 1122 1596 1174 παντὶ
1636 1127 1800 1193 θυμῷ
1827 1143 1869 1175 10

110 1210 331 1279 δεηθεὶς
355 1211 444 1263 καὶ
468 1213 660 1273 πείσας
684 1211 854 1264 αὐτόν
877 1231 934 1264 τε
957 1212 1047 1263 καὶ
1068 1212 1266 1280 <τοὺς>
1285 1211 1521 1280 ἰατρούς,
1544 1212 1675 1273 τοὺς
1696 1211 1798 1277 μὲν

112 1298 311 1367 λέγειν,
361 1300 435 1362 ὡς
470 1307 535 1370 τῇ
575 1303 784 1370 κεφαλῇ
823 1320 916 1367 μοι
957 1300 1249 1368 φάρμακον
1286 1300 1388 1366 μὲν
1426 1298 1455 1352 6
1494 1297 1621 1368 παρ’
1667 1300 1798 1368 ἡμῖν

111 1387 242 1456 ἀήρ,
294 1387 493 1457 ἐχθρὸς
532 1385 593 1440 δὲ
632 1387 661 1441 6
699 1387 826 1457 παρ’
865 1388 1118 1457 ἐκείνοις,
1169 1389 1267 1441 τὸν
1314 1385 1374 1441 δὲ
1421 1387 1604 1450 ἁπλῶς
1653 1388 1796 1441 οὕτω

107 1478 458 1545 προσίεσθαι,
503 1480 682 1530 πείθω
721 1478 890 1530 πάλιν
931 1487 1042 1530 τῶν
1086 1496 1212 1530 τινα
1259 1475 1319 1529 ἐν
1365 1479 1663 1545 βασιλείοις
1702 1478 1799 1529 δυ-

108 1574 292 1617 νατῶν
335 1573 399 1635 τῇ
449 1575 562 1618 τῶν
613 1567 816 1635 ἰατρῶν
874 1567 1062 1636 γνώμῃ
1116 1566 1564 1634 συναγορεύοντα
1611 1574 1796 1624 πεῖσαι
1823 1586 1863 1619 15

109 1653 336 1722 βασιλέα
385 1655 458 1722 μὴ
508 1660 793 1724 φθονῆσαι
837 1663 903 1725 τῇ
950 1658 1182 1724 κεφαλῇ’
1238 1653 1267 1707 ὁ
1307 1654 1369 1707 δὲ
1408 1653 1634 1723 ἐβοήθει
1678 1653 1796 1723 μέν,

108 1740 336 1810 ἐβοήθει
371 1740 378 1813 Ι
413 1743 474 1795 δὲ
507 1743 573 1796 οὐ
606 1742 977 1812 φιλῶν<μέν>,
1011 1744 1303 1811 διειστήκει
1335 1743 1438 1812 γὰρ
1470 1752 1585 1805 τοῖς
1614 1745 1737 1812 τρό-
1766 1755 1808 1799 R
1830 1759 1884 1798 67

108 1848 257 1898 ποις,
309 1829 727 1898 ἐνδεικνύμενος
774 1832 858 1900 δέ,
910 1832 982 1894 ὡς
1029 1832 1197 1885 οὐδὲν
1239 1831 1309 1884 ἂν
1347 1832 1518 1884 αὐτὸν
1556 1831 1797 1900 ἐγχειρή-

110 1932 283 1971 σαντα
314 1920 594 1988 διαφύγοι.
648 1920 734 1972 95.
767 1921 965 1973 δίδωσι
995 1920 1098 1987 μὲν
1130 1921 1198 1988 δὴ
1230 1921 1259 1974 6
1284 1922 1543 1988 βασιλεὺς
1574 1919 1797 1973 ἐπανελ-

111 2012 240 2060 θεῖν
278 2005 408 2060 οὐδὲ
447 2010 567 2060 τότε
607 2010 685 2070 εἰς
723 2007 887 2077 ἅπαξ,
935 2009 1121 2077 λαβὼν
1160 2005 1220 2061 δὲ
1261 2007 1366 2076 ἐγὼ
1406 2009 1471 2061 τὰ
1510 2009 1796 2077 γράμματα
1820 2030 1862 2062 20

112 2096 201 2148 καὶ
241 2099 704 2163 συσκευαζόμενος
742 2096 967 2166 δέχομαι
1005 2098 1208 2166 πικρὰν
1239 2096 1500 2165 ἀγγελίαν
1530 2098 1796 2150 τεθνάναι

231 2261 257 2299 4
289 2256 310 2298 Ι
343 2261 443 2311 236,
470 2261 492 2299 1
520 2256 572 2300 R.
607 2270 678 2314 ep.
712 2261 809 2300 909.
844 2256 1001 2300 Malal.
1034 2271 1080 2313 p.
1116 2261 1199 2300 202
1325 2262 1378 2300 14
1412 2270 1482 2314 ep.
1509 2262 1592 2300 411

233 2424 256 2462 9
298 2419 400 2474 ἤτοι
433 2417 634 2474 ἐμίσουν,
672 2420 753 2463 καὶ
785 2423 1001 2464 διατοῦτο
1031 2418 1150 2474 πρὸς
1181 2419 1445 2476 αἰτιατικὴν
1483 2419 1792 2474 συντάττεται,

112 2476 397 2535 δυσχεραίνω
430 2479 481 2522 δὲ
514 2479 619 2522 ἀντὶ
649 2485 730 2523 τοῦ
763 2482 1008 2534 λυποῦμαι,
1043 2478 1263 2535 ἄχθομαι,
1297 2480 1458 2537 δοτικῇ
1486 2480 1529 2523 V

235 2644 256 2682 1
293 2639 391 2696 ἐμοὶ
421 2666 477 2672 -
510 2644 536 2683 2
570 2643 651 2696 ζῆν
682 2653 757 2683 om
781 2640 1006 2685 ACPBL
1038 2639 1149 2683 Fen·
1258 2645 1282 2683 3
1314 2648 1406 2685 τῶν
1429 2640 1555 2684 inser
1578 2642 1625 2684 et
1649 2643 1794 2684 σταθ-

114 2705 212 2753 μῶν
237 2711 337 2741 corr
368 2711 393 2742 e
423 2699 637 2755 σταθμὸν
671 2699 734 2745 G²
823 2699 904 2743 τὸν
937 2698 1147 2755 σταθμὸν
1178 2700 1222 2743 L
1357 2704 1383 2742 8
1414 2699 1498 2755 τὴν
1530 2712 1605 2742 om
1632 2700 1713 2743 VL

119 2762 169 2799 11
203 2757 311 2808 τοὺς
339 2756 514 2801 inserui
634 2763 687 2801 12
719 2758 829 2815 ὑμῖν
861 2758 1036 2801 ACVL
1068 2758 1179 2801 Fen·
1291 2763 1346 2802 14
1372 2758 1515 2802 πάλιν
1540 2772 1615 2802 om
1639 2759 1682 2802 L
1710 2759 1715 2815 ξ
1744 2758 1793 2802 ἐν

117 2813 364 2873 βασιλείοις
394 2819 605 2861 δυνατῶν
630 2817 794 2874 scripsi
826 2831 849 2860 e
877 2818 958 2861 VL
1019 2818 1230 2860 δυνατῶν
1262 2817 1311 2861 ἐν
1343 2815 1590 2876 βασιλείοις
1620 2818 1793 2861 AOPB

115 2874 208 2917 edd
327 2879 381 2917 17
422 2873 505 2932 μέν
541 2878 649 2931 post,
681 2878 827 2932 φιλῶν
858 2875 1051 2930 inserui,
1090 2877 1197 2931 post
1227 2875 1473 2931 διειστήκει
1505 2875 1654 2919 delevi
1686 2888 1794 2919 auc-

113 2935 215 2976 tore
246 2932 314 2975 Re
349 2934 354 2990 Ι
397 2933 727 2990 διειστήκειμεν
759 2933 916 2978 Gasda,
1051 2938 1104 2978 18
1145 2933 1203 2990 δὴ
1235 2936 1278 2979 L
1416 2939 1469 2978 19
1507 2934 1530 2978 ὁ
1562 2934 1737 2978 inserui
1768 2947 1793 2977 e

126 2992 208 3035 VL
351 2995 408 3034 20
439 2992 633 3045 εἰσάπαξ
666 2994 754 3037 ΡΒ
766 2994 847 3037 VL
879 2994 989 3037 Fen·

205 3072 403 3106 Lnunrus
428 3073 484 3106 ed.
507 3074 744 3108 Foerster.
1418 3091 1422 3095 ·
1502 3070 1527 3109 9
