2026 3168
125 655 143 687 5

174 143 279 196 150
709 143 938 186 LIBANII
969 142 1309 187 ORATIONES

169 279 418 349 ποδάγρα
449 281 568 331 τότε
599 287 819 348 πρῶτον
850 279 1025 346 πολλή
1048 298 1129 340 τις
1155 277 1488 332 ἐπιπεσοῦσα
1518 277 1609 332 καὶ
1641 281 1843 348 χαλεπὴ

167 368 557 422 πυνθάνεσθαι
604 377 714 420 τῶν
762 369 1047 420 εἰσιόντων
1092 367 1356 435 ἠνάγκαζε
1404 368 1584 438 ῥώμης
1626 387 1682 420 τε
1720 367 1846 438 πέρι

168 457 257 509 καὶ
303 456 492 525 τέχνης
537 465 647 508 τῶν
693 455 969 524 ἀθλητῶν,
1016 455 1048 523 ἡ
1091 452 1151 508 δὲ
1199 456 1378 525 ὥσπερ
1427 455 1487 508 ἐν
1529 455 1847 527 ἐκεχειρίαις

167 546 366 615 μικρὸν
420 546 751 597 διαλιποῦσα
799 545 968 597 πάλιν
1019 545 1264 612 ἠκόντιζε
1317 543 1408 597 καὶ
1461 546 1724 608 πολλάκις
1784 565 1846 613 γε

170 633 438 704 ἑκάτερον.
518 633 638 686 140.
681 631 856 702 ἰατροὶ
897 630 957 685 δὲ
996 639 1323 700 νενικῆσθαι
1369 630 1469 699 μὲν
1508 634 1847 703 ὡμολόγουν,

167 727 596 791 παρεμυθοῦντο
646 719 705 774 δὲ
752 721 1284 791 μετατιθέντεςιάπὸ
1331 729 1426 790 τῆς
1470 726 1709 791 κεφαλῆς
1757 721 1839 776 ἐπ’

169 810 413 873 ἐκείνους
460 817 535 881 τῷ
585 813 727 882 λόγῳ
774 811 876 879 τὴν
921 812 1112 863 νόσον·
1161 811 1221 862 τὸ
1263 811 1366 880 γὰρ
1408 810 1539 863 αὐτὸ
1578 811 1708 864 ποσὶ
1746 808 1847 878 μὲν

79 912 120 955 R
142 917 197 955 95
228 901 413 968 κακόν,
467 907 531 969 τῇ
588 896 648 951 δὲ
704 901 928 952 ἔσεσθαι
984 899 1255 967 ἀγαθόν.·Ι
1290 895 1359 967 ἧν
1415 897 1475 952 δὲ
1529 901 1634 969 ἄρα
1686 906 1847 953 τοῦτο

102 1099 143 1130 10

104 1541 144 1574 15

103 1985 146 2017 20

169 991 434 1058 φλυαρία,
482 987 599 1041 ἐπεὶ
644 990 705 1040 τό
760 1008 822 1055 γε
876 987 1094 1056 ἐκείνην
1146 989 1472 1057 κατειληφὸς
1518 993 1688 1057 εἴχετο
1738 998 1849 1041 τῶν

168 1079 280 1129 ἄνω
320 1077 411 1129 καὶ
448 1079 715 1130 τοσοῦτόν
754 1097 815 1145 γε
856 1075 1092 1146 ἀπέσχον
1131 1078 1184 1129 οἱ
1223 1078 1388 1139 πόδες
1427 1077 1627 1145 ὀνῆσαί
1659 1097 1712 1129 τι
1750 1078 1851 1146 τὴν

168 1168 429 1234 κεφαλήν,
485 1167 622 1218 ὥστε
669 1166 850 1235 ὥσπερ
898 1164 968 1218 ἀν
1015 1165 1118 1218 ἀπὸ
1169 1174 1280 1218 τῶν
1328 1165 1388 1218 ἐν
1435 1166 1622 1228 αὐτοῖς
1667 1175 1851 1218 κακῶν

169 1255 368 1325 μοῖράν
422 1274 546 1307 τινα
601 1254 773 1308 ἐκεῖσε
826 1254 1135 1323 πέμψαντες
1196 1255 1543 1325 χαλεπώτερα
1603 1254 1851 1322 τάκείνης

170 1342 446 1411 ἐποίησαν.
527 1343 646 1395 141.
687 1343 895 1396 οὔκουν
934 1342 1021 1396 ἐπὶ
1060 1352 1175 1405 τοῖς
1214 1344 1319 1413 πρὸ
1359 1350 1458 1395 τοῦ
1499 1345 1695 1411 φόβοις
1733 1342 1851 1395 ἐτα-

169 1435 440 1501 ραττόμην
485 1435 690 1501 μόνοις,
740 1431 800 1485 ἐν
846 1425 928 1494 οἷς
975 1430 1066 1484 καὶ
1105 1439 1268 1485 τοῦτο
1314 1428 1399 1500 ἧν,
1438 1433 1509 1500 μὴ
1550 1433 1650 1500 τὴν
1688 1434 1880 1484 πόλιν·

171 1521 302 1589 ημῖν
356 1521 696 1591 ἁρπάσαντες
750 1522 940 1590 άνεμοι
997 1519 1259 1591 φέροντες
1313 1521 1389 1582 εἰς
1443 1521 1542 1572 τὸν
1589 1519 1849 1573 Ὠκεανὸν

172 1608 503 1678 ἐμβάλωσιν,
552 1608 668 1662 ἀλλ’
715 1607 899 1662 ἔδεισα
936 1609 1061 1678 μέν,
1101 1605 1142 1661 ὦ
1191 1610 1411 1679 άνδρες,
1459 1609 1548 1661 καὶ
1595 1609 1695 1661 τὸν
1740 1618 1851 1661 τῶν

168 1697 536 1751 ἀπαντώντων
590 1700 779 1767 ὄχλον,
831 1700 1044 1767 ἔφυγον
1091 1695 1152 1750 δε
1198 1699 1264 1750 τὰ
1313 1697 1450 1766 μέσα
1496 1705 1595 1750 τοῦ
1643 1699 1849 1765 ἄστεος,

168 1784 352 1839 ἔδεισα
392 1783 452 1839 δὲ
490 1787 697 1855 μεγέθη
739 1792 1007 1855 λουτρῶν,
1047 1788 1230 1839 ἔδεισα
1269 1783 1329 1839 δὲ
1369 1787 1543 1848 οἰκίας
1580 1787 1725 1854 πλὴν
1756 1794 1852 1854 τῆς

170 1874 403 1941 ἐμαυτοῦ
445 1876 621 1939 πάσας
658 1875 893 1945 νεφέλης
930 1872 1032 1944 μὲν
1070 1874 1156 1928 ἐπὶ
1195 1876 1261 1927 τά
1294 1877 1506 1943 ὄμματα
1536 1874 1847 1944 ἐρχομένης,

169 1971 268 2016 τοῦ
307 1965 616 2032 πνεύματος
663 1961 724 2017 δὲ
771 1966 849 2027 εἰς
895 1965 1092 2032 μικρὸν
1132 1963 1585 2031 συστελλομένου,
1626 1964 1725 2031 τὴν
1763 1982 1848 2015 κε-

173 2053 357 2120 φαλὴν
404 2050 464 2105 δὲ
513 2055 741 2121 ἰλίγγων
786 2055 1148 2121 κατεχόντων,
1193 2050 1351 2121 δόξης
1399 2049 1459 2104 δὲ
1499 2049 1582 2104 ἀεὶ
1620 2059 1719 2104 τοῦ
1759 2069 1850 2104 πε-

290 2187 343 2226 15
374 2183 425 2226 Il.
460 2186 484 2235 ζ
506 2188 591 2226 345

288 2305 313 2343 5
348 2299 583 2358 ἑκάτερον]
619 2299 765 2346 ἐποίει
797 2299 1010 2357 δηλονότι
1036 2303 1079 2346 V

291 2424 316 2462 3
351 2420 453 2464 ἐκκε
486 2417 651 2475 ειρίαις
681 2420 774 2464 AP
802 2421 848 2462 eb
882 2419 1027 2462 altero
1061 2437 1088 2462 κ
1119 2418 1187 2462 1112
1220 2431 1456 2474 suprapos.
1487 2417 1524 2462 O
1582 2414 1850 2490 ἑκεχειρίαις

179 2478 223 2521 V
278 2483 303 2521 5
328 2480 435 2534 post
456 2438 676 2534 ξκάτερον
699 2478 996 2521 inserendum
1018 2479 1132 2534 puto
1156 2486 1248 2522 τῶν
1267 2480 1427 2521 ποδῶν
1445 2475 1547 2519 coll
1565 2475 1594 2518 1.
1609 2480 1631 2517 7
1651 2473 1721 2520 ἐπ’
1734 2473 1850 2519 ἐκεί-

170 2553 281 2587 νους
388 2542 410 2579 7
446 2536 626 2593 ἐκείνην
657 2538 726 2580 Re
757 2537 897 2580 Anim
1003 2542 1028 2580 8
1059 2539 1196 2581 τοῦδε
1227 2538 1297 2609 L
1378 2539 1402 2578 9
1437 2531 1527 2592 εἶχε
1559 2535 1602 2578 L
1703 2539 1754 2577 11
1790 2532 1850 2578 ἀν

171 2609 246 2638 0111
271 2597 314 2639 L
342 2598 346 2651 Ι
374 2603 500 2639 κακῶ
532 2596 580 2638 111
612 2603 767 2640 κακῶν
792 2596 841 2639 111
864 2610 939 2639 ras
967 2595 1029 2640 0²
1121 2601 1173 2638 12
1206 2594 1263 2638 τὰ
1284 2591 1459 2650 ’κείνης
1469 2595 1557 2653 VL
1651 2597 1703 2635 13
1736 2609 1848 2648 προ-

169 2661 251 2698 τοῦ
291 2654 401 2697 libri
440 2655 530 2697 edd
573 2655 577 2712 Ι
628 2653 794 2728 φόβοις
823 2682 881 2686 -
916 2660 968 2698 16
1003 2654 1256 2727 ἐμβάλωσιν
1295 2653 1411 2696 citat
1448 2638 1660 2695 Eustath.
1703 2653 1763 2695 ad
1797 2651 1848 2695 Π.

172 2716 196 2765 ζ
218 2717 302 2756 345
334 2729 378 2769 p.
407 2717 489 2755 646
515 2713 556 2756 R
625 2713 648 2756 ὁ
674 2713 895 2770 Λιβάνιος
924 2714 1008 2770 τὴν
1038 2719 1118 2768 τῆς
1143 2711 1330 2768 Ελένης
1359 2711 1630 2785 ὑπερβαλὼν
1664 2711 1850 2756 ἔννοιαν

172 2772 233 2822 ὡς
272 2771 491 2816 ἐντεῦθεν
531 2771 822 2828 ὠφελημένος
858 2770 1266 2844 τερατωδέστερον
1290 2773 1418 2815 λαλεῖ
1458 2770 1507 2814 ἐν
1550 2766 1620 2820 οἷς
1662 2767 1851 2819 ἀστείως

173 2830 290 2886 λέγει
332 2827 400 2874 ὅτι
440 2829 605 2889 φόβοις
644 2834 733 2874 κτλ.
873 2836 927 2874 14
959 2830 1119 2888 μόνοις
1151 2857 1205 2862 -
1238 2846 1296 2896 ην
1329 2843 1404 2872 om
1435 2829 1550 2871 Eust
1684 2833 1737 2872 15
1768 2828 1849 2872 τὸν

173 2903 248 2932 0111
267 2891 347 2933 VL
371 2889 487 2932 Eust
583 2894 634 2932 17
668 2905 791 2934 παντ
821 2890 870 2932 111
902 2890 1214 2934 ἀπαντώντων
1246 2888 1295 2931 111
1325 2901 1400 2931 ras
1433 2888 1504 2930 Ρ3
1564 2886 1783 2932 ἁπάντων
1817 2887 1857 2932 G

172 2948 264 2990 edd
325 2949 639 2993 ἀπαντώντων
672 2950 753 2992 aut
785 2946 869 2991 ἀπ’
898 2949 1052 3006 ἀγρῶν
1078 2948 1181 2991 coni
1205 2948 1273 2991 Re
1364 2951 1419 2990 20
1445 2945 1737 3003 στελλομένου
1762 2947 1806 2990 L
