<?xml version="1.0" encoding="UTF-8"?>
<!DOCTYPE html PUBLIC "-//W3C//DTD XHTML 1.0 Transitional//EN"
    "http://www.w3.org/TR/xhtml1/DTD/xhtml1-transitional.dtd">
<html xmlns="http://www.w3.org/1999/xhtml" xml:lang="en" lang="en">
 <head>
  <title>
</title>
<meta http-equiv="Content-Type" content="text/html;charset=utf-8" />
  <meta name='ocr-system' content='tesseract 3.04.00' />
  <meta name='ocr-capabilities' content='ocr_page ocr_carea ocr_par ocr_line ocrx_word'/>
</head>
<body>
  <div class='ocr_page' id='page_1' title='image "./operarecensuitri01libauoft_0211.png"; bbox 0 0 2026 3168; ppageno 0'>
   <div class='ocr_carea' id='block_1_1' title="bbox 709 134 1854 195">
    <p class='ocr_par' dir='ltr' id='par_1_1' title="bbox 709 134 1854 195">
     <span class='ocr_line' id='line_1_1' title="bbox 709 134 1854 195; baseline 0.001 -17"><span class='ocrx_word' id='word_1_1' title='bbox 709 134 937 179; x_wconf 78' lang='lat' dir='ltr'><strong><em>LIBANII</em></strong></span> <span class='ocrx_word' id='word_1_2' title='bbox 958 134 1312 195; x_wconf 40' lang='lat' dir='ltr'><strong>,ORATIONES</strong></span> <span class='ocrx_word' id='word_1_3' title='bbox 1749 136 1854 189; x_wconf 83' lang='lat'><strong><em>195</em></strong></span> 
     </span>
    </p>
   </div>
   <div class='ocr_carea' id='block_1_2' title="bbox 167 267 1856 606">
    <p class='ocr_par' dir='ltr' id='par_1_2' title="bbox 167 267 1856 606">
     <span class='ocr_line' id='line_1_2' title="bbox 168 267 1856 340; baseline 0.001 -18"><span class='ocrx_word' id='word_1_4' title='bbox 168 267 286 323; x_wconf 83' lang='grc' dir='ltr'><strong><em>ἀλλ’</em></strong></span> <span class='ocrx_word' id='word_1_5' title='bbox 343 269 514 322; x_wconf 81' lang='grc' dir='ltr'><strong><em>αὐτοῦ</em></strong></span> <span class='ocrx_word' id='word_1_6' title='bbox 564 277 664 323; x_wconf 87' lang='grc' dir='ltr'><strong><em>τοῦ</em></strong></span> <span class='ocrx_word' id='word_1_7' title='bbox 716 273 828 340; x_wconf 81' lang='grc' dir='ltr'><strong><em>ζῆν,</em></strong></span> <span class='ocrx_word' id='word_1_8' title='bbox 878 272 957 333; x_wconf 81' lang='grc' dir='ltr'><strong><em>εἰς</em></strong></span> <span class='ocrx_word' id='word_1_9' title='bbox 1006 271 1203 338; x_wconf 81' lang='grc' dir='ltr'><strong><em>κομιδῆ</em></strong></span> <span class='ocrx_word' id='word_1_10' title='bbox 1251 271 1428 340; x_wconf 84' lang='grc' dir='ltr'><strong><em>βραχύ</em></strong></span> <span class='ocrx_word' id='word_1_11' title='bbox 1471 291 1523 323; x_wconf 92' lang='grc' dir='ltr'><strong><em>τι</em></strong></span> <span class='ocrx_word' id='word_1_12' title='bbox 1571 272 1856 334; x_wconf 78' lang='grc' dir='ltr'><strong><em>συσταλεὶς</em></strong></span> 
     </span>
     <span class='ocr_line' id='line_1_3' title="bbox 168 357 1854 430; baseline 0 -18"><span class='ocrx_word' id='word_1_13' title='bbox 168 359 359 428; x_wconf 82' lang='grc' dir='ltr'><strong><em>οὕτως,</em></strong></span> <span class='ocrx_word' id='word_1_14' title='bbox 391 357 528 412; x_wconf 80' lang='grc' dir='ltr'><strong><em>ὥσθ’</em></strong></span> <span class='ocrx_word' id='word_1_15' title='bbox 568 357 717 412; x_wconf 86' lang='grc' dir='ltr'><strong><em>ὁπότ’</em></strong></span> <span class='ocrx_word' id='word_1_16' title='bbox 766 359 983 429; x_wconf 83' lang='grc' dir='ltr'><strong><em>ἀμείβοι</em></strong></span> <span class='ocrx_word' id='word_1_17' title='bbox 1014 363 1227 428; x_wconf 80' lang='grc' dir='ltr'><strong><em>κλίνην,</em></strong></span> <span class='ocrx_word' id='word_1_18' title='bbox 1259 358 1507 430; x_wconf 77' lang='grc' dir='ltr'><strong><em>ἐξαρκεῖν</em></strong></span> <span class='ocrx_word' id='word_1_19' title='bbox 1537 367 1693 430; x_wconf 85' lang='grc' dir='ltr'><strong><em>χεῖρα</em></strong></span> <span class='ocrx_word' id='word_1_20' title='bbox 1722 362 1854 429; x_wconf 91' lang='grc' dir='ltr'><strong><em>μίαν</em></strong></span> 
     </span>
     <span class='ocr_line' id='line_1_4' title="bbox 167 442 1855 520; baseline -0.002 -18"><span class='ocrx_word' id='word_1_21' title='bbox 167 442 312 502; x_wconf 86' lang='grc' dir='ltr'><strong><em>εἷναί</em></strong></span> <span class='ocrx_word' id='word_1_22' title='bbox 347 466 404 501; x_wconf 87' lang='grc' dir='ltr'><strong><em>τε</em></strong></span> <span class='ocrx_word' id='word_1_23' title='bbox 443 448 590 520; x_wconf 80' lang='grc' dir='ltr'><strong><em>αὐτῷ</em></strong></span> <span class='ocrx_word' id='word_1_24' title='bbox 626 449 815 502; x_wconf 82' lang='grc' dir='ltr'><strong><em>δεινὸν</em></strong></span> <span class='ocrx_word' id='word_1_25' title='bbox 851 449 912 501; x_wconf 93' lang='grc' dir='ltr'><strong><em>τὸ</em></strong></span> <span class='ocrx_word' id='word_1_26' title='bbox 959 450 1032 517; x_wconf 87' lang='grc' dir='ltr'><strong><em>μὴ</em></strong></span> <span class='ocrx_word' id='word_1_27' title='bbox 1078 449 1358 502; x_wconf 84' lang='grc' dir='ltr'><strong><em>τεθνάναι.</em></strong></span> <span class='ocrx_word' id='word_1_28' title='bbox 1435 452 1614 502; x_wconf 88' lang='grc' dir='ltr'><strong><em>καίτοι</em></strong></span> <span class='ocrx_word' id='word_1_29' title='bbox 1662 448 1855 500; x_wconf 83' lang='grc' dir='ltr'><strong><em>δεσπό-</em></strong></span> 
     </span>
     <span class='ocr_line' id='line_1_5' title="bbox 167 536 1856 606; baseline -0.001 -16"><span class='ocrx_word' id='word_1_30' title='bbox 167 556 268 606; x_wconf 90' lang='grc' dir='ltr'><strong><em>την</em></strong></span> <span class='ocrx_word' id='word_1_31' title='bbox 319 536 488 590; x_wconf 84' lang='grc' dir='ltr'><strong><em>αὑτὸν</em></strong></span> <span class='ocrx_word' id='word_1_32' title='bbox 536 546 648 589; x_wconf 85' lang='grc' dir='ltr'><strong><em>τῶν</em></strong></span> <span class='ocrx_word' id='word_1_33' title='bbox 688 536 835 606; x_wconf 83' lang='grc' dir='ltr'><strong><em>ἐμῶν</em></strong></span> <span class='ocrx_word' id='word_1_34' title='bbox 874 536 1182 606; x_wconf 81' lang='grc' dir='ltr'><strong><em>ἐπεποιήκει</em></strong></span> <span class='ocrx_word' id='word_1_35' title='bbox 1227 538 1492 600; x_wconf 79' lang='grc' dir='ltr'><strong><em>πολλάκις</em></strong></span> <span class='ocrx_word' id='word_1_36' title='bbox 1535 538 1637 605; x_wconf 84' lang='grc' dir='ltr'><strong><em>τὴν</em></strong></span> <span class='ocrx_word' id='word_1_37' title='bbox 1683 537 1856 605; x_wconf 87' lang='grc' dir='ltr'><strong><em>αὐτὴν</em></strong></span> 
     </span>
    </p>
   </div>
   <div class='ocr_carea' id='block_1_3' title="bbox 1898 559 1921 590">
    <p class='ocr_par' dir='ltr' id='par_1_3' title="bbox 1898 559 1921 590">
     <span class='ocr_line' id='line_1_6' title="bbox 1898 559 1921 590; baseline 0 0"><span class='ocrx_word' id='word_1_38' title='bbox 1898 559 1921 590; x_wconf 81' lang='lat'>4</span> 
     </span>
    </p>
   </div>
   <div class='ocr_carea' id='block_1_4' title="bbox 164 622 1940 697">
    <p class='ocr_par' dir='ltr' id='par_1_4' title="bbox 164 622 1940 697">
     <span class='ocr_line' id='line_1_7' title="bbox 164 622 1940 697; baseline 0.002 -19"><span class='ocrx_word' id='word_1_39' title='bbox 164 625 372 695; x_wconf 80' lang='grc' dir='ltr'><strong><em>ἡμέραν</em></strong></span> <span class='ocrx_word' id='word_1_40' title='bbox 410 622 502 692; x_wconf 76' lang='grc' dir='ltr'><strong><em>ἐμὲ</em></strong></span> <span class='ocrx_word' id='word_1_41' title='bbox 540 623 642 692; x_wconf 73' lang='grc' dir='ltr'><strong><em>μὲν</em></strong></span> <span class='ocrx_word' id='word_1_42' title='bbox 680 627 756 689; x_wconf 83' lang='grc' dir='ltr'><strong><em>εἰς</em></strong></span> <span class='ocrx_word' id='word_1_43' title='bbox 795 626 976 679; x_wconf 82' lang='grc' dir='ltr'><em>Αἴδου</em></span> <span class='ocrx_word' id='word_1_44' title='bbox 1024 625 1200 694; x_wconf 81' lang='grc' dir='ltr'><strong><em>λέγων</em></strong></span> <span class='ocrx_word' id='word_1_45' title='bbox 1234 630 1240 697; x_wconf 82' lang='grc' dir='ltr'>Ι</span> <span class='ocrx_word' id='word_1_46' title='bbox 1276 625 1446 695; x_wconf 83' lang='grc' dir='ltr'><strong><em>ἄξειν,</em></strong></span> <span class='ocrx_word' id='word_1_47' title='bbox 1487 626 1660 679; x_wconf 88' lang='grc' dir='ltr'><strong><em>αὑτὸν</em></strong></span> <span class='ocrx_word' id='word_1_48' title='bbox 1698 626 1759 679; x_wconf 80' lang='grc' dir='ltr'><strong><em>δὲ</em></strong></span> <span class='ocrx_word' id='word_1_49' title='bbox 1790 639 1831 682; x_wconf 82' lang='lat' dir='ltr'><strong>R</strong></span> <span class='ocrx_word' id='word_1_50' title='bbox 1857 642 1940 682; x_wconf 80' lang='lat'><strong><em>156</em></strong></span> 
     </span>
    </p>
   </div>
   <div class='ocr_carea' id='block_1_5' title="bbox 158 710 1852 1850">
    <p class='ocr_par' dir='ltr' id='par_1_5' title="bbox 166 710 876 784">
     <span class='ocr_line' id='line_1_8' title="bbox 166 710 876 784; baseline -0.001 -16"><span class='ocrx_word' id='word_1_51' title='bbox 166 716 243 777; x_wconf 83' lang='grc' dir='ltr'><strong><em>εἰς</em></strong></span> <span class='ocrx_word' id='word_1_52' title='bbox 281 716 383 783; x_wconf 87' lang='grc' dir='ltr'><strong><em>τὴν</em></strong></span> <span class='ocrx_word' id='word_1_53' title='bbox 414 710 589 768; x_wconf 80' lang='grc' dir='ltr'><strong><em>οὖσάν</em></strong></span> <span class='ocrx_word' id='word_1_54' title='bbox 626 735 720 781; x_wconf 95' lang='grc' dir='ltr'><strong><em>μοι</em></strong></span> <span class='ocrx_word' id='word_1_55' title='bbox 758 723 876 784; x_wconf 80' lang='grc' dir='ltr'><strong><em>γῆν.</em></strong></span> 
     </span>
    </p>

    <p class='ocr_par' dir='ltr' id='par_1_6' title="bbox 158 802 1852 1850">
     <span class='ocr_line' id='line_1_9' title="bbox 275 802 1852 873; baseline 0 -18"><span class='ocrx_word' id='word_1_56' title='bbox 275 803 398 855; x_wconf 88' lang='grc'><strong>262.</strong></span> <span class='ocrx_word' id='word_1_57' title='bbox 453 802 616 873; x_wconf 86' lang='grc' dir='ltr'><strong><em>Ἀρχὴ</em></strong></span> <span class='ocrx_word' id='word_1_58' title='bbox 669 805 838 873; x_wconf 78' lang='grc' dir='ltr'><strong><em>πικρὰ</em></strong></span> <span class='ocrx_word' id='word_1_59' title='bbox 881 811 983 857; x_wconf 87' lang='grc' dir='ltr'><strong><em>τοῦ</em></strong></span> <span class='ocrx_word' id='word_1_60' title='bbox 1029 805 1293 873; x_wconf 78' lang='grc' dir='ltr'><strong><em>μεγίστην</em></strong></span> <span class='ocrx_word' id='word_1_61' title='bbox 1339 806 1561 873; x_wconf 82' lang='grc' dir='ltr'><strong><em>ἔχοντος</em></strong></span> <span class='ocrx_word' id='word_1_62' title='bbox 1614 804 1716 872; x_wconf 88' lang='grc' dir='ltr'><strong><em>τὴν</em></strong></span> <span class='ocrx_word' id='word_1_63' title='bbox 1760 823 1852 871; x_wconf 75' lang='grc' dir='ltr'><strong><em>γα-</em></strong></span> 
     </span>
     <span class='ocr_line' id='line_1_10' title="bbox 164 887 1852 962; baseline -0.001 -17"><span class='ocrx_word' id='word_1_64' title='bbox 164 891 357 962; x_wconf 54' lang='grc' dir='ltr'><strong><em>στέρα,</em></strong></span> <span class='ocrx_word' id='word_1_65' title='bbox 385 891 458 945; x_wconf 83' lang='grc' dir='ltr'><strong><em>δι’</em></strong></span> <span class='ocrx_word' id='word_1_66' title='bbox 490 892 697 961; x_wconf 80' lang='grc' dir='ltr'><strong><em>ἀπάτης</em></strong></span> <span class='ocrx_word' id='word_1_67' title='bbox 735 891 1186 962; x_wconf 81' lang='grc' dir='ltr'><strong><em>παρωξυμμένου.</em></strong></span> <span class='ocrx_word' id='word_1_68' title='bbox 1248 887 1319 960; x_wconf 75' lang='grc' dir='ltr'><strong><em>ἦν</em></strong></span> <span class='ocrx_word' id='word_1_69' title='bbox 1357 893 1419 946; x_wconf 80' lang='grc' dir='ltr'><strong><em>δὲ</em></strong></span> <span class='ocrx_word' id='word_1_70' title='bbox 1456 893 1490 961; x_wconf 79' lang='grc' dir='ltr'><em>ἡ</em></span> <span class='ocrx_word' id='word_1_71' title='bbox 1522 891 1717 961; x_wconf 84' lang='grc' dir='ltr'><strong><em>ἀπάτη,</em></strong></span> <span class='ocrx_word' id='word_1_72' title='bbox 1755 912 1852 944; x_wconf 90' lang='grc' dir='ltr'><strong><em>κυ-</em></strong></span> 
     </span>
     <span class='ocr_line' id='line_1_11' title="bbox 162 979 1850 1051; baseline -0.001 -17"><span class='ocrx_word' id='word_1_73' title='bbox 162 983 444 1051; x_wconf 90' lang='grc' dir='ltr'><strong><em>παρίττοις</em></strong></span> <span class='ocrx_word' id='word_1_74' title='bbox 481 981 583 1050; x_wconf 82' lang='grc' dir='ltr'><strong><em>μὲν</em></strong></span> <span class='ocrx_word' id='word_1_75' title='bbox 620 980 683 1034; x_wconf 82' lang='grc' dir='ltr'><strong><em>ἐν</em></strong></span> <span class='ocrx_word' id='word_1_76' title='bbox 720 989 784 1051; x_wconf 77' lang='grc' dir='ltr'><strong><em>τῇ</em></strong></span> <span class='ocrx_word' id='word_1_77' title='bbox 817 982 1023 1051; x_wconf 83' lang='grc' dir='ltr'><strong><em>Δάφνῃ</em></strong></span> <span class='ocrx_word' id='word_1_78' title='bbox 1065 982 1298 1051; x_wconf 79' lang='grc' dir='ltr'><strong><em>σίδηρον</em></strong></span> <span class='ocrx_word' id='word_1_79' title='bbox 1329 981 1644 1049; x_wconf 80' lang='grc' dir='ltr'><strong><em>ἐπενεγκεῖν</em></strong></span> <span class='ocrx_word' id='word_1_80' title='bbox 1682 979 1850 1049; x_wconf 76' lang='grc' dir='ltr'><strong><em>ἐγνώ-</em></strong></span> 
     </span>
     <span class='ocr_line' id='line_1_12' title="bbox 162 1067 1850 1142; baseline -0.001 -18"><span class='ocrx_word' id='word_1_81' title='bbox 162 1090 263 1139; x_wconf 91' lang='grc' dir='ltr'><strong><em>κει,</em></strong></span> <span class='ocrx_word' id='word_1_82' title='bbox 309 1071 460 1124; x_wconf 79' lang='grc' dir='ltr'><strong><em>τουτὶ</em></strong></span> <span class='ocrx_word' id='word_1_83' title='bbox 505 1067 566 1123; x_wconf 75' lang='grc' dir='ltr'><strong><em>δὲ</em></strong></span> <span class='ocrx_word' id='word_1_84' title='bbox 611 1071 773 1133; x_wconf 80' lang='grc' dir='ltr'><strong><em>εἰδὼς</em></strong></span> <span class='ocrx_word' id='word_1_85' title='bbox 816 1069 921 1139; x_wconf 80' lang='grc' dir='ltr'><strong><em>ἐγὼ</em></strong></span> <span class='ocrx_word' id='word_1_86' title='bbox 965 1077 1039 1142; x_wconf 80' lang='grc' dir='ltr'><strong><em>τῷ</em></strong></span> <span class='ocrx_word' id='word_1_87' title='bbox 1073 1069 1329 1140; x_wconf 83' lang='grc' dir='ltr'><strong><em>τέμνοντι</em></strong></span> <span class='ocrx_word' id='word_1_88' title='bbox 1374 1073 1703 1139; x_wconf 81' lang='grc' dir='ltr'><strong><em>τελευτῆσον</em></strong></span> <span class='ocrx_word' id='word_1_89' title='bbox 1748 1069 1850 1122; x_wconf 86' lang='grc' dir='ltr'><strong><em>οὐκ</em></strong></span> 
     </span>
     <span class='ocr_line' id='line_1_13' title="bbox 163 1158 1850 1228; baseline -0.001 -15"><span class='ocrx_word' id='word_1_90' title='bbox 163 1160 240 1222; x_wconf 87' lang='grc' dir='ltr'><strong><em>εἰς</em></strong></span> <span class='ocrx_word' id='word_1_91' title='bbox 287 1158 522 1227; x_wconf 81' lang='grc' dir='ltr'><strong><em>ἀγαθόν,</em></strong></span> <span class='ocrx_word' id='word_1_92' title='bbox 569 1161 706 1228; x_wconf 88' lang='grc' dir='ltr'><strong><em>πρός</em></strong></span> <span class='ocrx_word' id='word_1_93' title='bbox 751 1178 877 1211; x_wconf 93' lang='grc' dir='ltr'><strong><em>τινα</em></strong></span> <span class='ocrx_word' id='word_1_94' title='bbox 920 1168 1033 1212; x_wconf 83' lang='grc' dir='ltr'><strong><em>τῶν</em></strong></span> <span class='ocrx_word' id='word_1_95' title='bbox 1079 1159 1252 1211; x_wconf 86' lang='grc' dir='ltr'><strong><em>αὐτοῦ</em></strong></span> <span class='ocrx_word' id='word_1_96' title='bbox 1300 1168 1596 1226; x_wconf 86' lang='grc' dir='ltr'><strong><em>συμποτῶν</em></strong></span> <span class='ocrx_word' id='word_1_97' title='bbox 1642 1161 1850 1228; x_wconf 82' lang='grc' dir='ltr'><strong><em>ἔλεγον,</em></strong></span> 
     </span>
     <span class='ocr_line' id='line_1_14' title="bbox 162 1246 1849 1318; baseline -0.001 -17"><span class='ocrx_word' id='word_1_98' title='bbox 162 1249 236 1311; x_wconf 82' lang='grc' dir='ltr'><strong><em>ὡς</em></strong></span> <span class='ocrx_word' id='word_1_99' title='bbox 275 1248 342 1301; x_wconf 87' lang='grc' dir='ltr'><strong><em>οὐ</em></strong></span> <span class='ocrx_word' id='word_1_100' title='bbox 380 1246 756 1317; x_wconf 85' lang='grc' dir='ltr'><strong><em>παροξυντέον</em></strong></span> <span class='ocrx_word' id='word_1_101' title='bbox 793 1248 892 1300; x_wconf 90' lang='grc' dir='ltr'><strong><em>τὸν</em></strong></span> <span class='ocrx_word' id='word_1_102' title='bbox 919 1246 1159 1301; x_wconf 83' lang='grc' dir='ltr'><strong><em>Ἀπόλλω</em></strong></span> <span class='ocrx_word' id='word_1_103' title='bbox 1201 1248 1295 1300; x_wconf 80' lang='grc' dir='ltr'><strong><em>διὰ</em></strong></span> <span class='ocrx_word' id='word_1_104' title='bbox 1331 1257 1445 1301; x_wconf 83' lang='grc' dir='ltr'><strong><em>τῶν</em></strong></span> <span class='ocrx_word' id='word_1_105' title='bbox 1481 1250 1849 1318; x_wconf 81' lang='grc' dir='ltr'><strong><em>κυπαρίττων,</em></strong></span> 
     </span>
     <span class='ocr_line' id='line_1_15' title="bbox 160 1334 1849 1408; baseline 0 -19"><span class='ocrx_word' id='word_1_106' title='bbox 160 1335 251 1389; x_wconf 79' lang='grc' dir='ltr'><strong><em>καὶ</em></strong></span> <span class='ocrx_word' id='word_1_107' title='bbox 297 1344 468 1390; x_wconf 88' lang='grc' dir='ltr'><strong><em>ταῦτα</em></strong></span> <span class='ocrx_word' id='word_1_108' title='bbox 514 1336 660 1408; x_wconf 83' lang='grc' dir='ltr'><strong><em>αὐτῷ</em></strong></span> <span class='ocrx_word' id='word_1_109' title='bbox 701 1344 796 1405; x_wconf 85' lang='grc' dir='ltr'><strong><em>τῆς</em></strong></span> <span class='ocrx_word' id='word_1_110' title='bbox 846 1337 1021 1399; x_wconf 86' lang='grc' dir='ltr'><strong><em>οἰκίας</em></strong></span> <span class='ocrx_word' id='word_1_111' title='bbox 1068 1334 1164 1405; x_wconf 80' lang='grc' dir='ltr'><strong><em>ἀφ’</em></strong></span> <span class='ocrx_word' id='word_1_112' title='bbox 1221 1335 1415 1403; x_wconf 85' lang='grc' dir='ltr'><strong><em>ὁμοίας</em></strong></span> <span class='ocrx_word' id='word_1_113' title='bbox 1467 1335 1849 1404; x_wconf 82' lang='grc' dir='ltr'><strong><em>πεπληγμένης</em></strong></span> 
     </span>
     <span class='ocr_line' id='line_1_16' title="bbox 160 1423 1848 1495; baseline 0 -17"><span class='ocrx_word' id='word_1_114' title='bbox 160 1426 353 1494; x_wconf 85' lang='grc' dir='ltr'><strong><em>αἰτίας,</em></strong></span> <span class='ocrx_word' id='word_1_115' title='bbox 376 1423 468 1478; x_wconf 86' lang='grc' dir='ltr'><strong><em>καὶ</em></strong></span> <span class='ocrx_word' id='word_1_116' title='bbox 498 1424 899 1494; x_wconf 81' lang='grc' dir='ltr'><strong><em>παρακαλέσειν</em></strong></span> <span class='ocrx_word' id='word_1_117' title='bbox 930 1425 991 1478; x_wconf 80' lang='grc' dir='ltr'><strong><em>δὲ</em></strong></span> <span class='ocrx_word' id='word_1_118' title='bbox 1022 1426 1165 1494; x_wconf 82' lang='grc' dir='ltr'><strong><em>ἔφην</em></strong></span> <span class='ocrx_word' id='word_1_119' title='bbox 1191 1425 1291 1478; x_wconf 91' lang='grc' dir='ltr'><strong><em>τὸν</em></strong></span> <span class='ocrx_word' id='word_1_120' title='bbox 1321 1423 1549 1492; x_wconf 86' lang='grc' dir='ltr'><strong><em>βασιλέα</em></strong></span> <span class='ocrx_word' id='word_1_121' title='bbox 1579 1426 1848 1495; x_wconf 89' lang='grc' dir='ltr'><strong><em>πρόνοιαν</em></strong></span> 
     </span>
     <span class='ocr_line' id='line_1_17' title="bbox 158 1509 1843 1583; baseline 0 -17"><span class='ocrx_word' id='word_1_122' title='bbox 158 1522 254 1583; x_wconf 83' lang='grc' dir='ltr'><strong><em>τῆς</em></strong></span> <span class='ocrx_word' id='word_1_123' title='bbox 276 1514 511 1583; x_wconf 83' lang='grc' dir='ltr'><strong><em>Δάφνης</em></strong></span> <span class='ocrx_word' id='word_1_124' title='bbox 543 1515 704 1582; x_wconf 78' lang='grc' dir='ltr'><strong><em>ἔχειν,</em></strong></span> <span class='ocrx_word' id='word_1_125' title='bbox 728 1518 941 1583; x_wconf 87' lang='grc' dir='ltr'><strong><em>μᾶλλον</em></strong></span> <span class='ocrx_word' id='word_1_126' title='bbox 972 1514 1033 1566; x_wconf 81' lang='grc' dir='ltr'><strong><em>δὲ</em></strong></span> <span class='ocrx_word' id='word_1_127' title='bbox 1063 1515 1222 1580; x_wconf 81' lang='grc' dir='ltr'><strong><em>μείζω</em></strong></span> <span class='ocrx_word' id='word_1_128' title='bbox 1255 1521 1481 1583; x_wconf 81' lang='grc' dir='ltr'><strong><em>ποιῆσαι</em></strong></span> <span class='ocrx_word' id='word_1_129' title='bbox 1515 1514 1617 1582; x_wconf 85' lang='grc' dir='ltr'><strong><em>τὴν</em></strong></span> <span class='ocrx_word' id='word_1_130' title='bbox 1649 1509 1843 1567; x_wconf 79' lang='grc' dir='ltr'><strong><em>οὖσαν·</em></strong></span> 
     </span>
     <span class='ocr_line' id='line_1_18' title="bbox 159 1598 1843 1673; baseline 0.001 -18"><span class='ocrx_word' id='word_1_131' title='bbox 159 1599 302 1657; x_wconf 81' lang='grc' dir='ltr'><strong><em>εἶναι</em></strong></span> <span class='ocrx_word' id='word_1_132' title='bbox 340 1603 444 1673; x_wconf 78' lang='grc' dir='ltr'><strong><em>γὰρ</em></strong></span> <span class='ocrx_word' id='word_1_133' title='bbox 486 1603 554 1671; x_wconf 80' lang='grc' dir='ltr'><strong><em>δὴ</em></strong></span> <span class='ocrx_word' id='word_1_134' title='bbox 592 1600 683 1655; x_wconf 80' lang='grc' dir='ltr'><strong><em>καὶ</em></strong></span> <span class='ocrx_word' id='word_1_135' title='bbox 723 1609 844 1656; x_wconf 89' lang='grc' dir='ltr'><strong><em>νῦν.</em></strong></span> <span class='ocrx_word' id='word_1_136' title='bbox 922 1602 1043 1655; x_wconf 85' lang='grc'><strong>263.</strong></span> <span class='ocrx_word' id='word_1_137' title='bbox 1099 1598 1260 1665; x_wconf 85' lang='grc' dir='ltr'><strong><em>οὗτος</em></strong></span> <span class='ocrx_word' id='word_1_138' title='bbox 1304 1602 1332 1655; x_wconf 92' lang='grc' dir='ltr'>ὁ</span> <span class='ocrx_word' id='word_1_139' title='bbox 1374 1603 1673 1672; x_wconf 77' lang='grc' dir='ltr'><strong><em>ἄνθρωπος</em></strong></span> <span class='ocrx_word' id='word_1_140' title='bbox 1710 1611 1843 1667; x_wconf 83' lang='grc' dir='ltr'><strong><em>ψευ-</em></strong></span> 
     </span>
     <span class='ocr_line' id='line_1_19' title="bbox 160 1689 1842 1761; baseline 0 -17"><span class='ocrx_word' id='word_1_141' title='bbox 160 1690 279 1744; x_wconf 79' lang='grc' dir='ltr'><strong><em>δέσι</em></strong></span> <span class='ocrx_word' id='word_1_142' title='bbox 314 1692 627 1761; x_wconf 79' lang='grc' dir='ltr'><strong><em>γράμμασιν</em></strong></span> <span class='ocrx_word' id='word_1_143' title='bbox 658 1693 737 1754; x_wconf 83' lang='grc' dir='ltr'><strong><em>εἰς</em></strong></span> <span class='ocrx_word' id='word_1_144' title='bbox 763 1694 1036 1760; x_wconf 89' lang='grc' dir='ltr'><strong><em>Φοινίκην</em></strong></span> <span class='ocrx_word' id='word_1_145' title='bbox 1066 1689 1353 1759; x_wconf 79' lang='grc' dir='ltr'><strong><em>ἐλθοῦσιν,</em></strong></span> <span class='ocrx_word' id='word_1_146' title='bbox 1385 1690 1673 1759; x_wconf 78' lang='grc' dir='ltr'><strong><em>ἀπειλῆσαι</em></strong></span> <span class='ocrx_word' id='word_1_147' title='bbox 1705 1690 1842 1760; x_wconf 91' lang='grc' dir='ltr'><strong><em>[καὶ]</em></strong></span> 
     </span>
     <span class='ocr_line' id='line_1_20' title="bbox 158 1777 1840 1850; baseline 0 -18"><span class='ocrx_word' id='word_1_148' title='bbox 158 1781 262 1849; x_wconf 76' lang='grc' dir='ltr'><strong><em>γὰρ</em></strong></span> <span class='ocrx_word' id='word_1_149' title='bbox 303 1781 370 1848; x_wconf 81' lang='grc' dir='ltr'><strong><em>δή</em></strong></span> <span class='ocrx_word' id='word_1_150' title='bbox 410 1799 477 1848; x_wconf 90' lang='grc' dir='ltr'><strong><em>με</em></strong></span> <span class='ocrx_word' id='word_1_151' title='bbox 514 1777 666 1848; x_wconf 79' lang='grc' dir='ltr'><strong><em>ἔλεγε</em></strong></span> <span class='ocrx_word' id='word_1_152' title='bbox 704 1781 953 1848; x_wconf 85' lang='grc' dir='ltr'><strong><em>κινήσειν</em></strong></span> <span class='ocrx_word' id='word_1_153' title='bbox 990 1780 1052 1832; x_wconf 92' lang='grc' dir='ltr'><strong><em>τὸ</em></strong></span> <span class='ocrx_word' id='word_1_154' title='bbox 1087 1787 1368 1849; x_wconf 79' lang='grc' dir='ltr'><strong><em>σκῆπτρον</em></strong></span> <span class='ocrx_word' id='word_1_155' title='bbox 1399 1778 1489 1832; x_wconf 82' lang='grc' dir='ltr'><strong><em>ἐπὶ</em></strong></span> <span class='ocrx_word' id='word_1_156' title='bbox 1519 1781 1621 1848; x_wconf 84' lang='grc' dir='ltr'><strong><em>τὴν</em></strong></span> <span class='ocrx_word' id='word_1_157' title='bbox 1650 1778 1840 1850; x_wconf 80' lang='grc' dir='ltr'><strong><em>τοῦδεΙ</em></strong></span> 
     </span>
    </p>
   </div>
   <div class='ocr_carea' id='block_1_6' title="bbox 157 1897 511 1908">
    <p class='ocr_par' dir='ltr' id='par_1_7' title="bbox 157 1897 511 1908">
     <span class='ocr_line' id='line_1_21' title="bbox 157 1897 511 1908; baseline 0 0"><span class='ocrx_word' id='word_1_158' title='bbox 157 1897 511 1908; x_wconf 95' lang='lat' dir='ltr'><strong><em> </em></strong></span> 
     </span>
    </p>
   </div>
   <div class='ocr_carea' id='block_1_7' title="bbox 277 1967 1733 2026">
    <p class='ocr_par' dir='ltr' id='par_1_8' title="bbox 277 1967 1733 2026">
     <span class='ocr_line' id='line_1_22' title="bbox 277 1967 1733 2026; baseline 0 -14"><span class='ocrx_word' id='word_1_159' title='bbox 277 1973 301 2012; x_wconf 84' lang='grc'><strong>9</strong></span> <span class='ocrx_word' id='word_1_160' title='bbox 337 1967 402 2012; x_wconf 82' lang='lat' dir='ltr'><strong><em>Cf.</em></strong></span> <span class='ocrx_word' id='word_1_161' title='bbox 434 1984 479 2026; x_wconf 87' lang='lat' dir='ltr'><strong><em>p.</em></strong></span> <span class='ocrx_word' id='word_1_162' title='bbox 508 1973 606 2025; x_wconf 83' lang='lat'>193,</span> <span class='ocrx_word' id='word_1_163' title='bbox 631 1973 657 2013; x_wconf 84' lang='lat'>5</span> <span class='ocrx_word' id='word_1_164' title='bbox 684 1984 749 2025; x_wconf 82' lang='lat' dir='ltr'><strong><em>sq.</em></strong></span> <span class='ocrx_word' id='word_1_165' title='bbox 875 1973 929 2012; x_wconf 85' lang='lat'><strong><em>13</em></strong></span> <span class='ocrx_word' id='word_1_166' title='bbox 962 1983 1023 2012; x_wconf 86' lang='lat' dir='ltr'><strong><em>or.</em></strong></span> <span class='ocrx_word' id='word_1_167' title='bbox 1056 1968 1156 2011; x_wconf 84' lang='lat' dir='ltr'><strong><em>LXI</em></strong></span> <span class='ocrx_word' id='word_1_168' title='bbox 1186 1971 1219 2013; x_wconf 76' lang='lat' dir='ltr'><strong><em>t.</em></strong></span> <span class='ocrx_word' id='word_1_169' title='bbox 1245 1968 1309 2012; x_wconf 89' lang='grc' dir='ltr'><strong><em>ΠΙ</em></strong></span> <span class='ocrx_word' id='word_1_170' title='bbox 1332 1973 1431 2022; x_wconf 86' lang='grc'><strong><em>333,</em></strong></span> <span class='ocrx_word' id='word_1_171' title='bbox 1460 1973 1534 2023; x_wconf 78' lang='grc' dir='ltr'><strong><em>1ο;</em></strong></span> <span class='ocrx_word' id='word_1_172' title='bbox 1568 1973 1668 2024; x_wconf 84' lang='grc'><strong><em>336,</em></strong></span> <span class='ocrx_word' id='word_1_173' title='bbox 1694 1973 1733 2012; x_wconf 85' lang='lat'><strong><em>9.</em></strong></span> 
     </span>
    </p>
   </div>
   <div class='ocr_carea' id='block_1_8' title="bbox 155 2067 510 2079">
    <p class='ocr_par' dir='ltr' id='par_1_9' title="bbox 155 2067 510 2079">
     <span class='ocr_line' id='line_1_23' title="bbox 155 2067 510 2079; baseline 0 0"><span class='ocrx_word' id='word_1_174' title='bbox 155 2067 510 2079; x_wconf 95' lang='lat' dir='ltr'><strong><em> </em></strong></span> 
     </span>
    </p>
   </div>
   <div class='ocr_carea' id='block_1_9' title="bbox 155 2128 1842 2248">
    <p class='ocr_par' dir='ltr' id='par_1_10' title="bbox 155 2128 1842 2248">
     <span class='ocr_line' id='line_1_24' title="bbox 275 2128 1842 2190; baseline 0.001 -15"><span class='ocrx_word' id='word_1_175' title='bbox 275 2137 300 2175; x_wconf 83' lang='lat'><strong>2</strong></span> <span class='ocrx_word' id='word_1_176' title='bbox 334 2131 511 2176; x_wconf 85' lang='grc' dir='ltr'><strong><em>ὁπόταν</em></strong></span> <span class='ocrx_word' id='word_1_177' title='bbox 543 2133 587 2176; x_wconf 89' lang='lat' dir='ltr'><strong><em>L</em></strong></span> <span class='ocrx_word' id='word_1_178' title='bbox 629 2134 636 2188; x_wconf 81' lang='grc' dir='ltr'>Ι</span> <span class='ocrx_word' id='word_1_179' title='bbox 686 2128 865 2190; x_wconf 84' lang='grc' dir='ltr'><strong><em>ἀμείβει</em></strong></span> <span class='ocrx_word' id='word_1_180' title='bbox 895 2132 942 2175; x_wconf 88' lang='grc' dir='ltr'><strong><em>Β</em></strong></span> <span class='ocrx_word' id='word_1_181' title='bbox 1071 2136 1096 2174; x_wconf 91' lang='grc'><strong>3</strong></span> <span class='ocrx_word' id='word_1_182' title='bbox 1130 2134 1229 2176; x_wconf 80' lang='grc' dir='ltr'><strong><em>δεῖν</em></strong></span> <span class='ocrx_word' id='word_1_183' title='bbox 1261 2132 1305 2175; x_wconf 89' lang='lat' dir='ltr'><strong><em>L</em></strong></span> <span class='ocrx_word' id='word_1_184' title='bbox 1432 2135 1460 2174; x_wconf 89' lang='lat'>4</span> <span class='ocrx_word' id='word_1_185' title='bbox 1486 2128 1497 2145; x_wconf 79' lang='lat'><strong>‘</strong></span> <span class='ocrx_word' id='word_1_186' title='bbox 1535 2131 1585 2174; x_wconf 89' lang='lat' dir='ltr'><strong><em>in</em></strong></span> <span class='ocrx_word' id='word_1_187' title='bbox 1617 2131 1760 2176; x_wconf 82' lang='grc' dir='ltr'><strong><em>αὑτὸν</em></strong></span> <span class='ocrx_word' id='word_1_188' title='bbox 1791 2131 1842 2175; x_wconf 85' lang='lat' dir='ltr'><strong><em>in</em></strong></span> 
     </span>
     <span class='ocr_line' id='line_1_25' title="bbox 155 2190 1841 2248; baseline -0.001 -13"><span class='ocrx_word' id='word_1_189' title='bbox 155 2204 230 2234; x_wconf 84' lang='lat' dir='ltr'><strong><em>ras</em></strong></span> <span class='ocrx_word' id='word_1_190' title='bbox 263 2191 329 2235; x_wconf 70' lang='grc' dir='ltr'><strong><em>Ρ3</em></strong></span> <span class='ocrx_word' id='word_1_191' title='bbox 412 2191 556 2235; x_wconf 82' lang='grc' dir='ltr'><strong><em>αὐτὸν</em></strong></span> <span class='ocrx_word' id='word_1_192' title='bbox 588 2192 632 2235; x_wconf 91' lang='lat' dir='ltr'><strong><em>L</em></strong></span> <span class='ocrx_word' id='word_1_193' title='bbox 752 2195 778 2234; x_wconf 88' lang='lat'>5</span> <span class='ocrx_word' id='word_1_194' title='bbox 811 2190 956 2235; x_wconf 82' lang='grc' dir='ltr'><strong><em>αὐτὸν</em></strong></span> <span class='ocrx_word' id='word_1_195' title='bbox 992 2191 1072 2235; x_wconf 80' lang='lat' dir='ltr'><strong><em>GP</em></strong></span> <span class='ocrx_word' id='word_1_196' title='bbox 1153 2190 1293 2240; x_wconf 79' lang='grc' dir='ltr'><strong><em>αὐτὸς</em></strong></span> <span class='ocrx_word' id='word_1_197' title='bbox 1323 2191 1367 2234; x_wconf 95' lang='lat' dir='ltr'><strong><em>L</em></strong></span> <span class='ocrx_word' id='word_1_198' title='bbox 1489 2195 1512 2234; x_wconf 85' lang='lat'><strong>7</strong></span> <span class='ocrx_word' id='word_1_199' title='bbox 1546 2190 1664 2248; x_wconf 83' lang='grc' dir='ltr'><strong><em>ἀρχὴ</em></strong></span> <span class='ocrx_word' id='word_1_200' title='bbox 1695 2190 1841 2247; x_wconf 82' lang='grc' dir='ltr'><strong><em>πικρὰ</em></strong></span> 
     </span>
    </p>
   </div>
   <div class='ocr_carea' id='block_1_10' title="bbox 157 2267 1840 2365">
    <p class='ocr_par' dir='ltr' id='par_1_11' title="bbox 157 2267 1840 2365">
     <span class='ocr_line' id='line_1_26' title="bbox 157 2267 1840 2365; baseline 0 -27"><span class='ocrx_word' id='word_1_201' title='bbox 157 2308 258 2339; x_wconf 87' lang='lat' dir='ltr'><strong>corr</strong></span> <span class='ocrx_word' id='word_1_202' title='bbox 289 2308 345 2338; x_wconf 82' lang='lat' dir='ltr'><strong><em>cx</em></strong></span> <span class='ocrx_word' id='word_1_203' title='bbox 374 2295 494 2352; x_wconf 81' lang='grc' dir='ltr'><strong><em>ἀρχῆ</em></strong></span> <span class='ocrx_word' id='word_1_204' title='bbox 524 2301 669 2348; x_wconf 82' lang='grc' dir='ltr'><strong><em>πικρᾶ</em></strong></span> <span class='ocrx_word' id='word_1_205' title='bbox 700 2294 746 2337; x_wconf 99' lang='lat' dir='ltr'><strong><em>A</em></strong></span> <span class='ocrx_word' id='word_1_206' title='bbox 836 2294 954 2365; x_wconf 66' lang='grc' dir='ltr'><strong><em>ἀρχῆ</em></strong></span> <span class='ocrx_word' id='word_1_207' title='bbox 984 2299 1130 2348; x_wconf 83' lang='grc' dir='ltr'><strong><em>πικρᾶ</em></strong></span> <span class='ocrx_word' id='word_1_208' title='bbox 1161 2309 1208 2337; x_wconf 91' lang='grc' dir='ltr'><strong><em>τε</em></strong></span> <span class='ocrx_word' id='word_1_209' title='bbox 1240 2294 1284 2337; x_wconf 96' lang='lat' dir='ltr'><strong><em>L</em></strong></span> <span class='ocrx_word' id='word_1_210' title='bbox 1419 2297 1446 2336; x_wconf 92' lang='lat'>8</span> <span class='ocrx_word' id='word_1_211' title='bbox 1476 2267 1840 2350; x_wconf 53' lang='lat' dir='ltr'><strong><em>noepmgv‘gwssvov</em></strong></span> 
     </span>
    </p>
   </div>
   <div class='ocr_carea' id='block_1_11' title="bbox 152 2350 1840 3060">
    <p class='ocr_par' dir='ltr' id='par_1_12' title="bbox 152 2350 1840 3060">
     <span class='ocr_line' id='line_1_27' title="bbox 155 2350 1840 2412; baseline -0.001 -14"><span class='ocrx_word' id='word_1_212' title='bbox 155 2355 201 2398; x_wconf 93' lang='lat' dir='ltr'><strong><em>A</em></strong></span> <span class='ocrx_word' id='word_1_213' title='bbox 254 2352 655 2412; x_wconf 71' lang='grc' dir='ltr'><strong><em>παρωξυμένουῘῙΙ</em></strong></span> <span class='ocrx_word' id='word_1_214' title='bbox 675 2368 786 2396; x_wconf 88' lang='lat' dir='ltr'><strong><em>num</em></strong></span> <span class='ocrx_word' id='word_1_215' title='bbox 806 2353 962 2409; x_wconf 83' lang='grc' dir='ltr'><strong><em>ἀπατη</em></strong></span> <span class='ocrx_word' id='word_1_216' title='bbox 980 2351 1147 2409; x_wconf 67' lang='grc' dir='ltr'><strong><em>αὕτηῗ</em></strong></span> <span class='ocrx_word' id='word_1_217' title='bbox 1217 2356 1242 2395; x_wconf 89' lang='lat'>9</span> <span class='ocrx_word' id='word_1_218' title='bbox 1267 2350 1560 2407; x_wconf 84' lang='grc' dir='ltr'><strong><em>κυπαρίττων</em></strong></span> <span class='ocrx_word' id='word_1_219' title='bbox 1576 2354 1621 2397; x_wconf 94' lang='lat' dir='ltr'><strong><em>L</em></strong></span> <span class='ocrx_word' id='word_1_220' title='bbox 1691 2357 1746 2397; x_wconf 89' lang='grc'><strong><em>10</em></strong></span> <span class='ocrx_word' id='word_1_221' title='bbox 1769 2369 1840 2397; x_wconf 81' lang='grc' dir='ltr'><strong><em>τε·</em></strong></span> 
     </span>
     <span class='ocr_line' id='line_1_28' title="bbox 154 2411 1780 2469; baseline 0 -13"><span class='ocrx_word' id='word_1_222' title='bbox 154 2412 383 2468; x_wconf 85' lang='grc' dir='ltr'><strong><em>λευτήσων</em></strong></span> <span class='ocrx_word' id='word_1_223' title='bbox 410 2414 454 2457; x_wconf 91' lang='lat' dir='ltr'><strong><em>V</em></strong></span> <span class='ocrx_word' id='word_1_224' title='bbox 494 2415 760 2469; x_wconf 88' lang='grc' dir='ltr'><strong><em>τελευτῆσαι</em></strong></span> <span class='ocrx_word' id='word_1_225' title='bbox 791 2413 837 2456; x_wconf 87' lang='grc' dir='ltr'><strong><em>Β</em></strong></span> <span class='ocrx_word' id='word_1_226' title='bbox 974 2416 1026 2455; x_wconf 95' lang='grc'><strong><em>11</em></strong></span> <span class='ocrx_word' id='word_1_227' title='bbox 1061 2411 1204 2455; x_wconf 85' lang='grc' dir='ltr'><strong><em>αὑτοῦ</em></strong></span> <span class='ocrx_word' id='word_1_228' title='bbox 1237 2412 1283 2455; x_wconf 88' lang='grc' dir='ltr'><strong><em>Β</em></strong></span> <span class='ocrx_word' id='word_1_229' title='bbox 1420 2417 1473 2455; x_wconf 86' lang='grc'><strong><em>12</em></strong></span> <span class='ocrx_word' id='word_1_230' title='bbox 1506 2419 1598 2456; x_wconf 85' lang='grc' dir='ltr'><strong><em>τῶν</em></strong></span> <span class='ocrx_word' id='word_1_231' title='bbox 1629 2426 1704 2455; x_wconf 90' lang='lat' dir='ltr'><strong><em>om</em></strong></span> <span class='ocrx_word' id='word_1_232' title='bbox 1736 2413 1780 2456; x_wconf 96' lang='lat' dir='ltr'><strong><em>L</em></strong></span> 
     </span>
     <span class='ocr_line' id='line_1_29' title="bbox 155 2470 1839 2532; baseline 0 -17"><span class='ocrx_word' id='word_1_233' title='bbox 155 2477 208 2515; x_wconf 90' lang='lat'><strong><em>13</em></strong></span> <span class='ocrx_word' id='word_1_234' title='bbox 243 2473 368 2532; x_wconf 81' lang='grc' dir='ltr'><strong><em>αὐτῷ</em></strong></span> <span class='ocrx_word' id='word_1_235' title='bbox 386 2472 551 2529; x_wconf 82' lang='lat' dir='ltr'><strong>scripsi</strong></span> <span class='ocrx_word' id='word_1_236' title='bbox 613 2473 774 2522; x_wconf 82' lang='grc' dir='ltr'><strong><em>αὐτοῖς</em></strong></span> <span class='ocrx_word' id='word_1_237' title='bbox 796 2470 905 2514; x_wconf 86' lang='lat' dir='ltr'>libri</span> <span class='ocrx_word' id='word_1_238' title='bbox 927 2471 1039 2514; x_wconf 83' lang='lat' dir='ltr'><strong>Fen·</strong></span> <span class='ocrx_word' id='word_1_239' title='bbox 1061 2470 1131 2514; x_wconf 81' lang='lat' dir='ltr'><strong><em>Re</em></strong></span> <span class='ocrx_word' id='word_1_240' title='bbox 1192 2471 1335 2526; x_wconf 81' lang='grc' dir='ltr'><strong><em>αὐτῆς</em></strong></span> <span class='ocrx_word' id='word_1_241' title='bbox 1356 2471 1458 2514; x_wconf 86' lang='grc' dir='ltr'><strong><em>Μοι·</em></strong></span> <span class='ocrx_word' id='word_1_242' title='bbox 1518 2470 1839 2528; x_wconf 76' lang='grc' dir='ltr'><strong><em>πεπληγμένης</em></strong></span> 
     </span>
     <span class='ocr_line' id='line_1_30' title="bbox 153 2527 1838 2587; baseline 0.001 -13"><span class='ocrx_word' id='word_1_243' title='bbox 153 2530 318 2587; x_wconf 84' lang='lat' dir='ltr'><strong>scripsi</strong></span> <span class='ocrx_word' id='word_1_244' title='bbox 349 2544 375 2575; x_wconf 86' lang='lat' dir='ltr'><strong>c</strong></span> <span class='ocrx_word' id='word_1_245' title='bbox 401 2532 446 2575; x_wconf 89' lang='lat' dir='ltr'><strong><em>V</em></strong></span> <span class='ocrx_word' id='word_1_246' title='bbox 537 2533 726 2575; x_wconf 74' lang='lat' dir='ltr'><strong>auctore</strong></span> <span class='ocrx_word' id='word_1_247' title='bbox 750 2530 852 2574; x_wconf 87' lang='lat' dir='ltr'><strong><em>Mor</em></strong></span> <span class='ocrx_word' id='word_1_248' title='bbox 933 2527 1254 2586; x_wconf 85' lang='grc' dir='ltr'><strong><em>πεπλησμένης</em></strong></span> <span class='ocrx_word' id='word_1_249' title='bbox 1275 2530 1450 2574; x_wconf 84' lang='lat' dir='ltr'><strong><em>ACPB</em></strong></span> <span class='ocrx_word' id='word_1_250' title='bbox 1512 2543 1584 2573; x_wconf 86' lang='lat' dir='ltr'><strong><em>en·</em></strong></span> <span class='ocrx_word' id='word_1_251' title='bbox 1606 2530 1675 2574; x_wconf 74' lang='lat' dir='ltr'><strong><em>Re</em></strong></span> <span class='ocrx_word' id='word_1_252' title='bbox 1757 2529 1838 2575; x_wconf 85' lang='grc' dir='ltr'><strong><em>πέ-</em></strong></span> 
     </span>
     <span class='ocr_line' id='line_1_31' title="bbox 154 2588 1839 2647; baseline -0.001 -14"><span class='ocrx_word' id='word_1_253' title='bbox 154 2591 356 2647; x_wconf 85' lang='grc' dir='ltr'><strong><em>πλησμαι</em></strong></span> <span class='ocrx_word' id='word_1_254' title='bbox 387 2590 431 2633; x_wconf 93' lang='lat' dir='ltr'><strong><em>L</em></strong></span> <span class='ocrx_word' id='word_1_255' title='bbox 554 2595 608 2633; x_wconf 84' lang='lat'><strong><em>14</em></strong></span> <span class='ocrx_word' id='word_1_256' title='bbox 640 2607 694 2647; x_wconf 77' lang='grc' dir='ltr'><strong><em>γρ</em></strong></span> <span class='ocrx_word' id='word_1_257' title='bbox 727 2589 1059 2644; x_wconf 80' lang='grc' dir='ltr'><strong><em>παρακελεύειν</em></strong></span> <span class='ocrx_word' id='word_1_258' title='bbox 1090 2588 1192 2632; x_wconf 89' lang='lat' dir='ltr'><strong><em>Mor</em></strong></span> <span class='ocrx_word' id='word_1_259' title='bbox 1221 2588 1271 2632; x_wconf 90' lang='lat' dir='ltr'><strong><em>in</em></strong></span> <span class='ocrx_word' id='word_1_260' title='bbox 1301 2602 1436 2646; x_wconf 78' lang='lat' dir='ltr'>marg</span> <span class='ocrx_word' id='word_1_261' title='bbox 1473 2591 1479 2645; x_wconf 88' lang='grc' dir='ltr'>Ι</span> <span class='ocrx_word' id='word_1_262' title='bbox 1522 2589 1641 2646; x_wconf 79' lang='grc' dir='ltr'><strong><em>ἔφην</em></strong></span> <span class='ocrx_word' id='word_1_263' title='bbox 1674 2589 1839 2646; x_wconf 85' lang='lat' dir='ltr'><strong>scripsi</strong></span> 
     </span>
     <span class='ocr_line' id='line_1_32' title="bbox 156 2644 1836 2750; baseline 0 -58"><span class='ocrx_word' id='word_1_264' title='bbox 156 2651 344 2693; x_wconf 72' lang='lat' dir='ltr'><strong>auct-ore</strong></span> <span class='ocrx_word' id='word_1_265' title='bbox 373 2649 442 2693; x_wconf 84' lang='lat' dir='ltr'><strong><em>Re</em></strong></span> <span class='ocrx_word' id='word_1_266' title='bbox 517 2649 607 2716; x_wconf 54' lang='grc' dir='ltr'><strong><em>ἔφη</em></strong></span> <span class='ocrx_word' id='word_1_267' title='bbox 639 2649 871 2717; x_wconf 38' lang='grc' dir='ltr'><strong><em>Ιίῐπὶβᾶᾱ</em></strong></span> <span class='ocrx_word' id='word_1_268' title='bbox 975 2706 984 2715; x_wconf 46' lang='lat'><strong>·</strong></span> <span class='ocrx_word' id='word_1_269' title='bbox 1005 2652 1058 2691; x_wconf 88' lang='grc'><strong><em>16</em></strong></span> <span class='ocrx_word' id='word_1_270' title='bbox 1090 2647 1230 2716; x_wconf 67' lang='lat' dir='ltr'><strong>vcrba</strong></span> <span class='ocrx_word' id='word_1_271' title='bbox 1261 2644 1383 2716; x_wconf 70' lang='grc' dir='ltr'><strong><em>εζναι</em></strong></span> <span class='ocrx_word' id='word_1_272' title='bbox 1411 2647 1500 2750; x_wconf 54' lang='grc' dir='ltr'><strong><em>γὰρ</em></strong></span> <span class='ocrx_word' id='word_1_273' title='bbox 1534 2647 1591 2704; x_wconf 77' lang='grc' dir='ltr'><strong><em>δὴ</em></strong></span> <span class='ocrx_word' id='word_1_274' title='bbox 1630 2649 1711 2692; x_wconf 82' lang='grc' dir='ltr'><strong><em>καὶ</em></strong></span> <span class='ocrx_word' id='word_1_275' title='bbox 1748 2655 1836 2692; x_wconf 82' lang='grc' dir='ltr'><strong><em>νῦν</em></strong></span> 
     </span>
     <span class='ocr_line' id='line_1_33' title="bbox 153 2706 1836 2823; baseline 0.001 -15"><span class='ocrx_word' id='word_1_276' title='bbox 153 2709 698 2811; x_wconf 56' lang='grc' dir='ltr'><strong><em>ἲὲῗᾱξὲῖἳιῗῖἒιὲῖῗέἵ</em></strong></span> <span class='ocrx_word' id='word_1_277' title='bbox 729 2710 842 2811; x_wconf 70' lang='lat' dir='ltr'><strong><em>⁸¹¹²1¹3i</em></strong></span> <span class='ocrx_word' id='word_1_278' title='bbox 871 2706 1836 2823; x_wconf 49' lang='lat' dir='ltr'><strong><em>gssssffgffiffiissssff⁸1¹112⁸112⁰¹23352225523</em></strong></span> 
     </span>
     <span class='ocr_line' id='line_1_34' title="bbox 153 2824 1834 2882; baseline 0 -14"><span class='ocrx_word' id='word_1_279' title='bbox 153 2826 198 2869; x_wconf 94' lang='lat' dir='ltr'><strong><em>A</em></strong></span> <span class='ocrx_word' id='word_1_280' title='bbox 231 2825 312 2869; x_wconf 82' lang='lat' dir='ltr'><strong><em>sed</em></strong></span> <span class='ocrx_word' id='word_1_281' title='bbox 344 2825 542 2870; x_wconf 73' lang='lat' dir='ltr'><strong>alterum</strong></span> <span class='ocrx_word' id='word_1_282' title='bbox 573 2840 599 2869; x_wconf 91' lang='grc' dir='ltr'><strong><em>σ</em></strong></span> <span class='ocrx_word' id='word_1_283' title='bbox 627 2840 794 2882; x_wconf 82' lang='lat' dir='ltr'><strong>parum</strong></span> <span class='ocrx_word' id='word_1_284' title='bbox 831 2826 1145 2882; x_wconf 84' lang='lat' dir='ltr'><strong>perspicuum)</strong></span> <span class='ocrx_word' id='word_1_285' title='bbox 1184 2826 1372 2869; x_wconf 72' lang='lat' dir='ltr'><strong>auctore</strong></span> <span class='ocrx_word' id='word_1_286' title='bbox 1402 2824 1630 2880; x_wconf 70' lang='lat' dir='ltr'>Wyttenb</span> <span class='ocrx_word' id='word_1_287' title='bbox 1703 2825 1834 2869; x_wconf 80' lang='grc' dir='ltr'><strong><em>ἀπει-</em></strong></span> 
     </span>
     <span class='ocr_line' id='line_1_35' title="bbox 153 2882 1830 2940; baseline 0.001 -13"><span class='ocrx_word' id='word_1_288' title='bbox 153 2882 295 2939; x_wconf 87' lang='grc' dir='ltr'><strong><em>λήσας</em></strong></span> <span class='ocrx_word' id='word_1_289' title='bbox 316 2884 386 2928; x_wconf 83' lang='lat' dir='ltr'><strong><em>Rc</em></strong></span> <span class='ocrx_word' id='word_1_290' title='bbox 411 2886 418 2940; x_wconf 86' lang='grc' dir='ltr'>Ι</span> <span class='ocrx_word' id='word_1_291' title='bbox 452 2885 533 2928; x_wconf 80' lang='grc' dir='ltr'><strong><em>καὶ</em></strong></span> <span class='ocrx_word' id='word_1_292' title='bbox 556 2899 632 2929; x_wconf 93' lang='lat' dir='ltr'><strong><em>om</em></strong></span> <span class='ocrx_word' id='word_1_293' title='bbox 664 2887 708 2930; x_wconf 92' lang='lat' dir='ltr'><strong><em>L</em></strong></span> <span class='ocrx_word' id='word_1_294' title='bbox 732 2885 950 2929; x_wconf 82' lang='lat' dir='ltr'><strong>cancellis</strong></span> <span class='ocrx_word' id='word_1_295' title='bbox 974 2883 1141 2928; x_wconf 88' lang='lat' dir='ltr'><strong>inclusi</strong></span> <span class='ocrx_word' id='word_1_296' title='bbox 1162 2886 1350 2928; x_wconf 75' lang='lat' dir='ltr'><strong>auctore</strong></span> <span class='ocrx_word' id='word_1_297' title='bbox 1362 2883 1588 2940; x_wconf 74' lang='lat' dir='ltr'><strong>Wyttenb</strong></span> <span class='ocrx_word' id='word_1_298' title='bbox 1682 2888 1736 2928; x_wconf 92' lang='lat'><strong><em>18</em></strong></span> <span class='ocrx_word' id='word_1_299' title='bbox 1760 2883 1830 2940; x_wconf 84' lang='grc' dir='ltr'><strong><em>τὸ]</em></strong></span> 
     </span>
     <span class='ocr_line' id='line_1_36' title="bbox 152 2942 661 3000; baseline 0.004 -14"><span class='ocrx_word' id='word_1_300' title='bbox 152 2942 199 2986; x_wconf 82' lang='grc' dir='ltr'><strong><em>τὲ</em></strong></span> <span class='ocrx_word' id='word_1_301' title='bbox 231 2943 275 2987; x_wconf 93' lang='lat' dir='ltr'><strong><em>L</em></strong></span> <span class='ocrx_word' id='word_1_302' title='bbox 302 2945 308 2999; x_wconf 89' lang='grc' dir='ltr'>Ι</span> <span class='ocrx_word' id='word_1_303' title='bbox 348 2950 553 3000; x_wconf 83' lang='grc' dir='ltr'><strong><em>σκῆπτρα</em></strong></span> <span class='ocrx_word' id='word_1_304' title='bbox 579 2945 661 2988; x_wconf 92' lang='lat' dir='ltr'><strong><em>VL</em></strong></span> 
     </span>
     <span class='ocr_line' id='line_1_37' title="bbox 1482 3017 1566 3060; baseline 0.012 -1"><span class='ocrx_word' id='word_1_305' title='bbox 1482 3017 1566 3060; x_wconf 86' lang='lat'><strong><em>13*</em></strong></span> 
     </span>
    </p>
   </div>
   <div class='ocr_carea' id='block_1_12' title="bbox 1874 1091 1917 1123">
    <p class='ocr_par' dir='ltr' id='par_1_13' title="bbox 1874 1091 1917 1123">
     <span class='ocr_line' id='line_1_38' title="bbox 1874 1091 1917 1123; baseline 0 0"><span class='ocrx_word' id='word_1_306' title='bbox 1874 1091 1917 1123; x_wconf 85' lang='lat'><strong><em>10</em></strong></span> 
     </span>
    </p>
   </div>
   <div class='ocr_carea' id='block_1_13' title="bbox 1870 1533 1909 1566">
    <p class='ocr_par' dir='ltr' id='par_1_14' title="bbox 1870 1533 1909 1566">
     <span class='ocr_line' id='line_1_39' title="bbox 1870 1533 1909 1566; baseline 0 0"><span class='ocrx_word' id='word_1_307' title='bbox 1870 1533 1909 1566; x_wconf 88' lang='lat'><strong><em>15</em></strong></span> 
     </span>
    </p>
   </div>
  </div>
 </body>
</html>
