<?xml version="1.0" encoding="UTF-8"?>
<!DOCTYPE html PUBLIC "-//W3C//DTD XHTML 1.0 Transitional//EN"
    "http://www.w3.org/TR/xhtml1/DTD/xhtml1-transitional.dtd">
<html xmlns="http://www.w3.org/1999/xhtml" xml:lang="en" lang="en">
 <head>
  <title>
</title>
<meta http-equiv="Content-Type" content="text/html;charset=utf-8" />
  <meta name='ocr-system' content='tesseract 3.04.00' />
  <meta name='ocr-capabilities' content='ocr_page ocr_carea ocr_par ocr_line ocrx_word'/>
</head>
<body>
  <div class='ocr_page' id='page_1' title='image "./operarecensuitri01libauoft_0136.png"; bbox 0 0 2026 3168; ppageno 0'>
   <div class='ocr_carea' id='block_1_1' title="bbox 197 161 1332 214">
    <p class='ocr_par' dir='ltr' id='par_1_1' title="bbox 197 161 1332 214">
     <span class='ocr_line' id='line_1_1' title="bbox 197 161 1332 214; baseline 0.002 -9"><span class='ocrx_word' id='word_1_1' title='bbox 197 162 302 214; x_wconf 82' lang='grc'><strong><em>120</em></strong></span> <span class='ocrx_word' id='word_1_2' title='bbox 734 162 959 206; x_wconf 86' lang='lat' dir='ltr'>LIBANH</span> <span class='ocrx_word' id='word_1_3' title='bbox 991 161 1332 207; x_wconf 83' lang='lat' dir='ltr'><strong>ORATIONES</strong></span> 
     </span>
    </p>
   </div>
   <div class='ocr_carea' id='block_1_2' title="bbox 107 297 1885 2405">
    <p class='ocr_par' dir='ltr' id='par_1_2' title="bbox 195 297 1877 546">
     <span class='ocr_line' id='line_1_2' title="bbox 195 297 1873 370; baseline 0.001 -20"><span class='ocrx_word' id='word_1_4' title='bbox 195 317 253 351; x_wconf 86' lang='grc' dir='ltr'><strong><em>τε</em></strong></span> <span class='ocrx_word' id='word_1_5' title='bbox 305 306 415 351; x_wconf 79' lang='grc' dir='ltr'><strong><em>τῶν</em></strong></span> <span class='ocrx_word' id='word_1_6' title='bbox 469 297 566 362; x_wconf 81' lang='grc' dir='ltr'><strong><em>ἔξω</em></strong></span> <span class='ocrx_word' id='word_1_7' title='bbox 613 305 708 366; x_wconf 80' lang='grc' dir='ltr'><strong><em>τῆς</em></strong></span> <span class='ocrx_word' id='word_1_8' title='bbox 755 299 929 360; x_wconf 82' lang='grc' dir='ltr'><strong><em>αἰτίας</em></strong></span> <span class='ocrx_word' id='word_1_9' title='bbox 974 306 1088 361; x_wconf 87' lang='grc' dir='ltr'><strong><em>τοῖς</em></strong></span> <span class='ocrx_word' id='word_1_10' title='bbox 1134 297 1200 351; x_wconf 82' lang='grc' dir='ltr'><strong><em>έν</em></strong></span> <span class='ocrx_word' id='word_1_11' title='bbox 1250 298 1385 369; x_wconf 74' lang='grc' dir='ltr'><strong><em>αὐτῇ</em></strong></span> <span class='ocrx_word' id='word_1_12' title='bbox 1438 301 1687 367; x_wconf 87' lang='grc' dir='ltr'><strong><em>γίνονται</em></strong></span> <span class='ocrx_word' id='word_1_13' title='bbox 1732 300 1873 370; x_wconf 80' lang='grc' dir='ltr'><strong><em>πρὸς</em></strong></span> 
     </span>
     <span class='ocr_line' id='line_1_3' title="bbox 196 385 1874 458; baseline 0.002 -20"><span class='ocrx_word' id='word_1_14' title='bbox 196 387 293 439; x_wconf 90' lang='grc' dir='ltr'><strong><em>τὸν</em></strong></span> <span class='ocrx_word' id='word_1_15' title='bbox 331 386 582 456; x_wconf 76' lang='grc' dir='ltr'><strong><em>ὕπαρχον</em></strong></span> <span class='ocrx_word' id='word_1_16' title='bbox 621 387 843 439; x_wconf 73' lang='grc' dir='ltr'><strong><em>ἱκετεῖαι</em></strong></span> <span class='ocrx_word' id='word_1_17' title='bbox 873 395 968 455; x_wconf 80' lang='grc' dir='ltr'><strong><em>τῆς</em></strong></span> <span class='ocrx_word' id='word_1_18' title='bbox 1008 385 1136 455; x_wconf 77' lang='grc' dir='ltr'><strong><em>ἐμῆς</em></strong></span> <span class='ocrx_word' id='word_1_19' title='bbox 1174 386 1489 450; x_wconf 81' lang='grc' dir='ltr'><em>ἀποδόσεως</em></span> <span class='ocrx_word' id='word_1_20' title='bbox 1519 386 1665 458; x_wconf 90' lang='grc' dir='ltr'><strong><em>πέρι·</em></strong></span> <span class='ocrx_word' id='word_1_21' title='bbox 1705 389 1779 451; x_wconf 85' lang='grc' dir='ltr'><strong><em>ὡς</em></strong></span> <span class='ocrx_word' id='word_1_22' title='bbox 1812 388 1874 442; x_wconf 77' lang='grc' dir='ltr'><strong><em>δὲ</em></strong></span> 
     </span>
     <span class='ocr_line' id='line_1_4' title="bbox 197 473 1877 546; baseline 0.002 -19"><span class='ocrx_word' id='word_1_23' title='bbox 197 474 480 543; x_wconf 78' lang='grc' dir='ltr'><em>ἀδικήσειν</em></span> <span class='ocrx_word' id='word_1_24' title='bbox 517 476 647 536; x_wconf 87' lang='grc' dir='ltr'><strong><em>τοὺς</em></strong></span> <span class='ocrx_word' id='word_1_25' title='bbox 684 473 1129 543; x_wconf 81' lang='grc' dir='ltr'><strong><em>ὑποδεξαμένους</em></strong></span> <span class='ocrx_word' id='word_1_26' title='bbox 1172 477 1320 544; x_wconf 49' lang='grc' dir='ltr'><strong><em>,ἔφην</em></strong></span> <span class='ocrx_word' id='word_1_27' title='bbox 1360 474 1455 529; x_wconf 81' lang='grc' dir='ltr'><strong><em>καὶ</em></strong></span> <span class='ocrx_word' id='word_1_28' title='bbox 1498 478 1606 545; x_wconf 76' lang='grc' dir='ltr'><strong><em>ἅμα</em></strong></span> <span class='ocrx_word' id='word_1_29' title='bbox 1646 475 1877 546; x_wconf 75' lang='grc' dir='ltr'><em>ἐδεόμην</em></span> 
     </span>
    </p>

    <p class='ocr_par' dir='ltr' id='par_1_3' title="bbox 107 559 1883 1696">
     <span class='ocr_line' id='line_1_5' title="bbox 154 559 1876 633; baseline 0.002 -18"><span class='ocrx_word' id='word_1_30' title='bbox 154 586 176 616; x_wconf 87' lang='lat'>4</span> <span class='ocrx_word' id='word_1_31' title='bbox 201 565 274 632; x_wconf 87' lang='grc' dir='ltr'><strong><em>μη’</em></strong></span> <span class='ocrx_word' id='word_1_32' title='bbox 305 583 370 631; x_wconf 89' lang='grc' dir='ltr'><strong><em>με</em></strong></span> <span class='ocrx_word' id='word_1_33' title='bbox 409 559 577 625; x_wconf 82' lang='grc' dir='ltr'><strong><em>αὖθις</em></strong></span> <span class='ocrx_word' id='word_1_34' title='bbox 612 561 874 631; x_wconf 79' lang='grc' dir='ltr'><strong><em>ἐμβαλεῖν</em></strong></span> <span class='ocrx_word' id='word_1_35' title='bbox 913 564 990 626; x_wconf 82' lang='grc' dir='ltr'><strong><em>εἰς</em></strong></span> <span class='ocrx_word' id='word_1_36' title='bbox 1022 562 1160 631; x_wconf 81' lang='grc' dir='ltr'><strong><em>ἀηδῆ</em></strong></span> <span class='ocrx_word' id='word_1_37' title='bbox 1194 564 1372 632; x_wconf 79' lang='grc' dir='ltr'><strong><em>σιγήν,</em></strong></span> <span class='ocrx_word' id='word_1_38' title='bbox 1413 563 1672 618; x_wconf 82' lang='grc' dir='ltr'><strong><em>ἀπελθὼν</em></strong></span> <span class='ocrx_word' id='word_1_39' title='bbox 1701 565 1777 627; x_wconf 82' lang='grc' dir='ltr'><strong><em>ὡς</em></strong></span> <span class='ocrx_word' id='word_1_40' title='bbox 1807 566 1876 633; x_wconf 80' lang='grc' dir='ltr'><strong><em>δὴ</em></strong></span> 
     </span>
     <span class='ocr_line' id='line_1_6' title="bbox 107 649 1879 723; baseline -0.001 -16"><span class='ocrx_word' id='word_1_41' title='bbox 107 664 150 707; x_wconf 85' lang='lat' dir='ltr'>R</span> <span class='ocrx_word' id='word_1_42' title='bbox 173 669 229 707; x_wconf 86' lang='lat'><strong><em>54</em></strong></span> <span class='ocrx_word' id='word_1_43' title='bbox 263 651 364 704; x_wconf 81' lang='grc' dir='ltr'><strong><em>οὐκ</em></strong></span> <span class='ocrx_word' id='word_1_44' title='bbox 403 649 813 719; x_wconf 75' lang='grc' dir='ltr'><strong><em>ἐπαναγκάσων,</em></strong></span> <span class='ocrx_word' id='word_1_45' title='bbox 848 650 855 723; x_wconf 98' lang='grc' dir='ltr'>Ι</span> <span class='ocrx_word' id='word_1_46' title='bbox 890 651 1098 721; x_wconf 74' lang='grc' dir='ltr'><strong><em>ἀνάγκη</em></strong></span> <span class='ocrx_word' id='word_1_47' title='bbox 1135 651 1429 722; x_wconf 87' lang='grc' dir='ltr'><strong><em>μεταφέρει</em></strong></span> <span class='ocrx_word' id='word_1_48' title='bbox 1467 655 1689 722; x_wconf 76' lang='grc' dir='ltr'><strong><em>μείζονι,</em></strong></span> <span class='ocrx_word' id='word_1_49' title='bbox 1724 656 1879 720; x_wconf 83' lang='grc' dir='ltr'><strong><em>βασι-</em></strong></span> 
     </span>
     <span class='ocr_line' id='line_1_7' title="bbox 197 739 1879 811; baseline 0.002 -19"><span class='ocrx_word' id='word_1_50' title='bbox 197 742 364 803; x_wconf 81' lang='grc' dir='ltr'><em>λείοις</em></span> <span class='ocrx_word' id='word_1_51' title='bbox 402 741 729 809; x_wconf 77' lang='grc' dir='ltr'><strong><em>γράμμασιν.</em></strong></span> <span class='ocrx_word' id='word_1_52' title='bbox 792 739 891 799; x_wconf 73' lang='lat'><strong><em>75.</em></strong></span> <span class='ocrx_word' id='word_1_53' title='bbox 933 739 1036 808; x_wconf 83' lang='grc' dir='ltr'><strong><em>ἐγὼ</em></strong></span> <span class='ocrx_word' id='word_1_54' title='bbox 1077 741 1179 810; x_wconf 78' lang='grc' dir='ltr'><strong><em>μὲν</em></strong></span> <span class='ocrx_word' id='word_1_55' title='bbox 1217 741 1285 809; x_wconf 89' lang='grc' dir='ltr'><strong><em>δὴ</em></strong></span> <span class='ocrx_word' id='word_1_56' title='bbox 1324 742 1424 809; x_wconf 84' lang='grc' dir='ltr'><strong><em>τὴν</em></strong></span> <span class='ocrx_word' id='word_1_57' title='bbox 1461 750 1573 794; x_wconf 84' lang='grc' dir='ltr'><strong><em>τῶν</em></strong></span> <span class='ocrx_word' id='word_1_58' title='bbox 1611 743 1879 811; x_wconf 76' lang='grc' dir='ltr'><strong><em>αἰχμαλώ-</em></strong></span> 
     </span>
     <span class='ocr_line' id='line_1_8' title="bbox 195 828 1880 900; baseline 0 -17"><span class='ocrx_word' id='word_1_59' title='bbox 195 850 306 883; x_wconf 85' lang='grc' dir='ltr'><strong><em>των</em></strong></span> <span class='ocrx_word' id='word_1_60' title='bbox 367 828 684 897; x_wconf 77' lang='grc' dir='ltr'><strong><em>ἐλυπούμην</em></strong></span> <span class='ocrx_word' id='word_1_61' title='bbox 745 829 952 897; x_wconf 80' lang='grc' dir='ltr'><strong><em>λύπην,</em></strong></span> <span class='ocrx_word' id='word_1_62' title='bbox 1008 832 1067 881; x_wconf 87' lang='grc' dir='ltr'><strong><em>οἳ</em></strong></span> <span class='ocrx_word' id='word_1_63' title='bbox 1114 830 1352 898; x_wconf 80' lang='grc' dir='ltr'><strong><em>πατρίδα</em></strong></span> <span class='ocrx_word' id='word_1_64' title='bbox 1404 829 1495 883; x_wconf 84' lang='grc' dir='ltr'><strong><em>καὶ</em></strong></span> <span class='ocrx_word' id='word_1_65' title='bbox 1554 829 1880 900; x_wconf 80' lang='grc' dir='ltr'><strong><em>ἐλευθερίαν</em></strong></span> 
     </span>
     <span class='ocr_line' id='line_1_9' title="bbox 197 914 1879 988; baseline 0 -17"><span class='ocrx_word' id='word_1_66' title='bbox 197 918 565 986; x_wconf 79' lang='grc' dir='ltr'><strong><em>ἀποβαλόντες</em></strong></span> <span class='ocrx_word' id='word_1_67' title='bbox 611 914 865 986; x_wconf 78' lang='grc' dir='ltr'><strong><em>ἔρχονται</em></strong></span> <span class='ocrx_word' id='word_1_68' title='bbox 906 916 965 970; x_wconf 82' lang='grc' dir='ltr'><strong><em>ἐν</em></strong></span> <span class='ocrx_word' id='word_1_69' title='bbox 1009 916 1269 988; x_wconf 81' lang='grc' dir='ltr'><strong><em>ἀλλοτρίᾳ</em></strong></span> <span class='ocrx_word' id='word_1_70' title='bbox 1313 918 1722 980; x_wconf 86' lang='grc' dir='ltr'><strong><em>δουλεύσοντες.</em></strong></span> <span class='ocrx_word' id='word_1_71' title='bbox 1789 917 1879 971; x_wconf 84' lang='grc' dir='ltr'><strong><em>καὶ</em></strong></span> 
     </span>
     <span class='ocr_line' id='line_1_10' title="bbox 199 1003 1878 1075; baseline -0.001 -15"><span class='ocrx_word' id='word_1_72' title='bbox 199 1005 290 1075; x_wconf 79' lang='grc' dir='ltr'><strong><em>ἐμὲ</em></strong></span> <span class='ocrx_word' id='word_1_73' title='bbox 336 1008 530 1059; x_wconf 88' lang='grc' dir='ltr'><strong><em>τοίνυν</em></strong></span> <span class='ocrx_word' id='word_1_74' title='bbox 575 1006 946 1074; x_wconf 76' lang='grc' dir='ltr'><strong><em>κατελάμβανε</em></strong></span> <span class='ocrx_word' id='word_1_75' title='bbox 993 1006 1054 1058; x_wconf 91' lang='grc' dir='ltr'><strong><em>τὸ</em></strong></span> <span class='ocrx_word' id='word_1_76' title='bbox 1094 1015 1206 1059; x_wconf 84' lang='grc' dir='ltr'><strong><em>τῶν</em></strong></span> <span class='ocrx_word' id='word_1_77' title='bbox 1252 1003 1354 1074; x_wconf 76' lang='grc' dir='ltr'><strong><em>μὲν</em></strong></span> <span class='ocrx_word' id='word_1_78' title='bbox 1398 1006 1640 1075; x_wconf 80' lang='grc' dir='ltr'><strong><em>ἡδίστων</em></strong></span> <span class='ocrx_word' id='word_1_79' title='bbox 1683 1025 1742 1058; x_wconf 90' lang='grc' dir='ltr'><strong><em>τε</em></strong></span> <span class='ocrx_word' id='word_1_80' title='bbox 1787 1005 1878 1059; x_wconf 86' lang='grc' dir='ltr'><strong><em>καὶ</em></strong></span> 
     </span>
     <span class='ocr_line' id='line_1_11' title="bbox 133 1092 1879 1163; baseline -0.001 -15"><span class='ocrx_word' id='word_1_81' title='bbox 133 1111 174 1148; x_wconf 72' lang='lat'><strong><em>11)</em></strong></span> <span class='ocrx_word' id='word_1_82' title='bbox 199 1094 662 1148; x_wconf 84' lang='grc' dir='ltr'><strong><em>λυσιτελεστάτων</em></strong></span> <span class='ocrx_word' id='word_1_83' title='bbox 702 1092 1015 1163; x_wconf 82' lang='grc' dir='ltr'><strong><em>στέρεσθαι,</em></strong></span> <span class='ocrx_word' id='word_1_84' title='bbox 1056 1095 1134 1157; x_wconf 82' lang='grc' dir='ltr'><strong><em>εἰς</em></strong></span> <span class='ocrx_word' id='word_1_85' title='bbox 1173 1095 1234 1147; x_wconf 81' lang='grc' dir='ltr'><strong><em>δὲ</em></strong></span> <span class='ocrx_word' id='word_1_86' title='bbox 1271 1096 1338 1147; x_wconf 79' lang='grc' dir='ltr'><strong><em>τὰ</em></strong></span> <span class='ocrx_word' id='word_1_87' title='bbox 1371 1094 1671 1148; x_wconf 78' lang='grc' dir='ltr'><strong><em>ἀνιάσοντά</em></strong></span> <span class='ocrx_word' id='word_1_88' title='bbox 1699 1114 1758 1147; x_wconf 89' lang='grc' dir='ltr'><strong><em>τε</em></strong></span> <span class='ocrx_word' id='word_1_89' title='bbox 1789 1093 1879 1147; x_wconf 84' lang='grc' dir='ltr'><strong><em>καὶ</em></strong></span> 
     </span>
     <span class='ocr_line' id='line_1_12' title="bbox 197 1184 1882 1253; baseline 0 -17"><span class='ocrx_word' id='word_1_90' title='bbox 197 1185 537 1253; x_wconf 81' lang='grc' dir='ltr'><strong><em>ζημιώσοντα</em></strong></span> <span class='ocrx_word' id='word_1_91' title='bbox 586 1184 842 1251; x_wconf 78' lang='grc' dir='ltr'><strong><em>ἄγεσθαι·</em></strong></span> <span class='ocrx_word' id='word_1_92' title='bbox 890 1190 1029 1252; x_wconf 79' lang='grc' dir='ltr'><strong><em>χρῆν</em></strong></span> <span class='ocrx_word' id='word_1_93' title='bbox 1074 1184 1178 1252; x_wconf 78' lang='grc' dir='ltr'><strong><em>γὰρ</em></strong></span> <span class='ocrx_word' id='word_1_94' title='bbox 1228 1184 1294 1251; x_wconf 90' lang='grc' dir='ltr'><strong><em>δὴ</em></strong></span> <span class='ocrx_word' id='word_1_95' title='bbox 1342 1184 1374 1252; x_wconf 76' lang='grc' dir='ltr'>ἢ</span> <span class='ocrx_word' id='word_1_96' title='bbox 1426 1186 1722 1252; x_wconf 85' lang='grc' dir='ltr'><strong><em>συμπίνειν</em></strong></span> <span class='ocrx_word' id='word_1_97' title='bbox 1768 1191 1882 1246; x_wconf 88' lang='grc' dir='ltr'><strong><em>τοῖς</em></strong></span> 
     </span>
     <span class='ocr_line' id='line_1_13' title="bbox 199 1270 1881 1342; baseline -0.001 -17"><span class='ocrx_word' id='word_1_98' title='bbox 199 1273 459 1335; x_wconf 83' lang='grc' dir='ltr'><strong><em>δυνατοῖς</em></strong></span> <span class='ocrx_word' id='word_1_99' title='bbox 497 1270 588 1325; x_wconf 87' lang='grc' dir='ltr'><strong><em>καὶ</em></strong></span> <span class='ocrx_word' id='word_1_100' title='bbox 627 1270 753 1340; x_wconf 85' lang='grc' dir='ltr'><strong><em>περὶ</em></strong></span> <span class='ocrx_word' id='word_1_101' title='bbox 790 1271 1053 1342; x_wconf 80' lang='grc' dir='ltr'><strong><em>τραπέζας</em></strong></span> <span class='ocrx_word' id='word_1_102' title='bbox 1091 1271 1295 1342; x_wconf 83' lang='grc' dir='ltr'><strong><em>ἡμέρας</em></strong></span> <span class='ocrx_word' id='word_1_103' title='bbox 1325 1292 1382 1325; x_wconf 92' lang='grc' dir='ltr'><strong><em>τε</em></strong></span> <span class='ocrx_word' id='word_1_104' title='bbox 1413 1271 1504 1325; x_wconf 86' lang='grc' dir='ltr'><strong><em>καὶ</em></strong></span> <span class='ocrx_word' id='word_1_105' title='bbox 1535 1273 1733 1335; x_wconf 89' lang='grc' dir='ltr'><strong><em>νυκτὸς</em></strong></span> <span class='ocrx_word' id='word_1_106' title='bbox 1764 1272 1881 1325; x_wconf 91' lang='grc' dir='ltr'><strong><em>δια-</em></strong></span> 
     </span>
     <span class='ocr_line' id='line_1_14' title="bbox 196 1359 1880 1430; baseline 0.001 -17"><span class='ocrx_word' id='word_1_107' title='bbox 196 1363 407 1430; x_wconf 84' lang='grc' dir='ltr'><strong><em>τρίβειν</em></strong></span> <span class='ocrx_word' id='word_1_108' title='bbox 445 1362 506 1413; x_wconf 89' lang='grc' dir='ltr'><strong><em>τὸ</em></strong></span> <span class='ocrx_word' id='word_1_109' title='bbox 544 1359 715 1414; x_wconf 86' lang='grc' dir='ltr'><strong><em>πλέον</em></strong></span> <span class='ocrx_word' id='word_1_110' title='bbox 754 1361 787 1430; x_wconf 78' lang='grc' dir='ltr'><em>ἢ</em></span> <span class='ocrx_word' id='word_1_111' title='bbox 834 1360 1041 1430; x_wconf 80' lang='grc' dir='ltr'><strong><em>ἐχθρόν</em></strong></span> <span class='ocrx_word' id='word_1_112' title='bbox 1078 1380 1136 1414; x_wconf 93' lang='grc' dir='ltr'><strong><em>τε</em></strong></span> <span class='ocrx_word' id='word_1_113' title='bbox 1173 1363 1467 1430; x_wconf 79' lang='grc' dir='ltr'><strong><em>κεκρίσθαι</em></strong></span> <span class='ocrx_word' id='word_1_114' title='bbox 1504 1361 1594 1414; x_wconf 78' lang='grc' dir='ltr'><strong><em>καὶ</em></strong></span> <span class='ocrx_word' id='word_1_115' title='bbox 1631 1365 1880 1430; x_wconf 83' lang='grc' dir='ltr'><strong><em>πολεμεῖ-</em></strong></span> 
     </span>
     <span class='ocr_line' id='line_1_15' title="bbox 199 1448 1882 1519; baseline 0 -17"><span class='ocrx_word' id='word_1_116' title='bbox 199 1455 348 1502; x_wconf 90' lang='grc' dir='ltr'><strong><em>σθαι.</em></strong></span> <span class='ocrx_word' id='word_1_117' title='bbox 397 1448 555 1502; x_wconf 86' lang='grc' dir='ltr'><strong><em>ταυτὶ</em></strong></span> <span class='ocrx_word' id='word_1_118' title='bbox 581 1449 642 1502; x_wconf 80' lang='grc' dir='ltr'><strong><em>δὲ</em></strong></span> <span class='ocrx_word' id='word_1_119' title='bbox 672 1449 744 1511; x_wconf 82' lang='grc' dir='ltr'><strong><em>ὡς</em></strong></span> <span class='ocrx_word' id='word_1_120' title='bbox 776 1448 1141 1513; x_wconf 83' lang='grc' dir='ltr'><strong><em>ἐναντιώτατα</em></strong></span> <span class='ocrx_word' id='word_1_121' title='bbox 1171 1458 1285 1512; x_wconf 92' lang='grc' dir='ltr'><strong><em>τοῖς</em></strong></span> <span class='ocrx_word' id='word_1_122' title='bbox 1309 1458 1403 1518; x_wconf 77' lang='grc' dir='ltr'><strong><em>τῆς</em></strong></span> <span class='ocrx_word' id='word_1_123' title='bbox 1426 1458 1603 1519; x_wconf 80' lang='grc' dir='ltr'><strong><em>ψυχῆς</em></strong></span> <span class='ocrx_word' id='word_1_124' title='bbox 1632 1448 1882 1518; x_wconf 77' lang='grc' dir='ltr'><strong><em>ἀγαθοῖς,</em></strong></span> 
     </span>
     <span class='ocr_line' id='line_1_16' title="bbox 133 1537 1883 1607; baseline -0.001 -16"><span class='ocrx_word' id='word_1_125' title='bbox 133 1559 175 1592; x_wconf 84' lang='lat'><strong><em>15</em></strong></span> <span class='ocrx_word' id='word_1_126' title='bbox 199 1546 304 1600; x_wconf 84' lang='grc' dir='ltr'><strong><em>πᾶς</em></strong></span> <span class='ocrx_word' id='word_1_127' title='bbox 357 1539 426 1590; x_wconf 80' lang='grc' dir='ltr'><strong><em>ἄν</em></strong></span> <span class='ocrx_word' id='word_1_128' title='bbox 470 1558 565 1606; x_wconf 92' lang='grc' dir='ltr'><strong><em>μοι</em></strong></span> <span class='ocrx_word' id='word_1_129' title='bbox 615 1539 902 1606; x_wconf 85' lang='grc' dir='ltr'><strong><em>συμφήσαι</em></strong></span> <span class='ocrx_word' id='word_1_130' title='bbox 947 1539 1195 1607; x_wconf 85' lang='grc' dir='ltr'><strong><em>μεθύσας</em></strong></span> <span class='ocrx_word' id='word_1_131' title='bbox 1243 1558 1301 1591; x_wconf 90' lang='grc' dir='ltr'><strong><em>τε</em></strong></span> <span class='ocrx_word' id='word_1_132' title='bbox 1349 1538 1512 1600; x_wconf 87' lang='grc' dir='ltr'><strong><em>αὐτὸς</em></strong></span> <span class='ocrx_word' id='word_1_133' title='bbox 1557 1537 1647 1590; x_wconf 84' lang='grc' dir='ltr'><strong><em>καὶ</em></strong></span> <span class='ocrx_word' id='word_1_134' title='bbox 1693 1537 1883 1606; x_wconf 67' lang='grc' dir='ltr'><strong><em>ἕτερον</em></strong></span> 
     </span>
     <span class='ocr_line' id='line_1_17' title="bbox 202 1623 1882 1696; baseline 0.001 -18"><span class='ocrx_word' id='word_1_135' title='bbox 202 1626 338 1679; x_wconf 86' lang='grc' dir='ltr'><strong><em>ἰδὼν</em></strong></span> <span class='ocrx_word' id='word_1_136' title='bbox 376 1634 538 1680; x_wconf 84' lang='grc' dir='ltr'><strong><em>τοῦτο</em></strong></span> <span class='ocrx_word' id='word_1_137' title='bbox 577 1627 871 1696; x_wconf 78' lang='grc' dir='ltr'><strong><em>πάσχοντα.</em></strong></span> <span class='ocrx_word' id='word_1_138' title='bbox 952 1627 1034 1679; x_wconf 85' lang='lat'><strong><em>76.</em></strong></span> <span class='ocrx_word' id='word_1_139' title='bbox 1081 1628 1141 1680; x_wconf 92' lang='grc' dir='ltr'><strong><em>τὸ</em></strong></span> <span class='ocrx_word' id='word_1_140' title='bbox 1181 1627 1283 1696; x_wconf 83' lang='grc' dir='ltr'><strong><em>μὲν</em></strong></span> <span class='ocrx_word' id='word_1_141' title='bbox 1322 1623 1426 1680; x_wconf 83' lang='grc' dir='ltr'><strong><em>οὖν</em></strong></span> <span class='ocrx_word' id='word_1_142' title='bbox 1467 1627 1752 1680; x_wconf 87' lang='grc' dir='ltr'><strong><em>δεικνύναι</em></strong></span> <span class='ocrx_word' id='word_1_143' title='bbox 1788 1629 1882 1680; x_wconf 84' lang='grc' dir='ltr'><strong><em>λό-</em></strong></span> 
     </span>
    </p>

    <p class='ocr_par' dir='ltr' id='par_1_4' title="bbox 121 1712 1885 2405">
     <span class='ocr_line' id='line_1_18' title="bbox 121 1712 1883 1784; baseline 0.001 -17"><span class='ocrx_word' id='word_1_144' title='bbox 121 1754 126 1766; x_wconf 90' lang='grc'>.</span> <span class='ocrx_word' id='word_1_145' title='bbox 200 1735 333 1783; x_wconf 89' lang='grc' dir='ltr'><strong><em>γους</em></strong></span> <span class='ocrx_word' id='word_1_146' title='bbox 373 1712 503 1768; x_wconf 76' lang='grc' dir='ltr'><strong><em>οὐδὲ</em></strong></span> <span class='ocrx_word' id='word_1_147' title='bbox 543 1714 617 1778; x_wconf 83' lang='grc' dir='ltr'><strong><em>ὣς</em></strong></span> <span class='ocrx_word' id='word_1_148' title='bbox 653 1715 942 1784; x_wconf 75' lang='grc' dir='ltr'><strong><em>κατέλυσα,</em></strong></span> <span class='ocrx_word' id='word_1_149' title='bbox 981 1714 1073 1768; x_wconf 86' lang='grc' dir='ltr'><strong><em>καὶ</em></strong></span> <span class='ocrx_word' id='word_1_150' title='bbox 1113 1714 1391 1784; x_wconf 83' lang='grc' dir='ltr'><strong><em>συνῄεσαν</em></strong></span> <span class='ocrx_word' id='word_1_151' title='bbox 1428 1717 1479 1768; x_wconf 81' lang='grc' dir='ltr'><strong><em>οἱ</em></strong></span> <span class='ocrx_word' id='word_1_152' title='bbox 1518 1716 1619 1784; x_wconf 79' lang='grc' dir='ltr'><strong><em>μὲν</em></strong></span> <span class='ocrx_word' id='word_1_153' title='bbox 1653 1715 1883 1768; x_wconf 86' lang='grc' dir='ltr'><strong><em>ἀκουσό-</em></strong></span> 
     </span>
     <span class='ocr_line' id='line_1_19' title="bbox 198 1801 1882 1873; baseline 0 -17"><span class='ocrx_word' id='word_1_154' title='bbox 198 1823 355 1871; x_wconf 91' lang='grc' dir='ltr'><strong><em>μενοι</em></strong></span> <span class='ocrx_word' id='word_1_155' title='bbox 403 1806 609 1872; x_wconf 78' lang='grc' dir='ltr'><strong><em>λόγων,</em></strong></span> <span class='ocrx_word' id='word_1_156' title='bbox 658 1805 712 1857; x_wconf 83' lang='grc' dir='ltr'><strong><em>οἱ</em></strong></span> <span class='ocrx_word' id='word_1_157' title='bbox 756 1807 983 1867; x_wconf 88' lang='grc' dir='ltr'><strong><em>πλειόυς</em></strong></span> <span class='ocrx_word' id='word_1_158' title='bbox 1037 1801 1099 1857; x_wconf 74' lang='grc' dir='ltr'><strong><em>δὲ</em></strong></span> <span class='ocrx_word' id='word_1_159' title='bbox 1151 1806 1484 1870; x_wconf 87' lang='grc' dir='ltr'><strong><em>θεασόμενοι</em></strong></span> <span class='ocrx_word' id='word_1_160' title='bbox 1534 1805 1882 1873; x_wconf 80' lang='grc' dir='ltr'><strong><em>κινούμενον,</em></strong></span> 
     </span>
     <span class='ocr_line' id='line_1_20' title="bbox 201 1885 1882 1961; baseline 0 -16"><span class='ocrx_word' id='word_1_161' title='bbox 201 1885 290 1945; x_wconf 81' lang='grc' dir='ltr'><strong><em>οἶα</em></strong></span> <span class='ocrx_word' id='word_1_162' title='bbox 337 1892 404 1961; x_wconf 86' lang='grc' dir='ltr'><strong><em>δὴ</em></strong></span> <span class='ocrx_word' id='word_1_163' title='bbox 450 1893 517 1945; x_wconf 79' lang='grc' dir='ltr'><strong><em>τὰ</em></strong></span> <span class='ocrx_word' id='word_1_164' title='bbox 562 1901 655 1961; x_wconf 82' lang='grc' dir='ltr'><strong><em>τῆς</em></strong></span> <span class='ocrx_word' id='word_1_165' title='bbox 698 1895 904 1961; x_wconf 83' lang='grc' dir='ltr'><strong><em>βουλῆς</em></strong></span> <span class='ocrx_word' id='word_1_166' title='bbox 953 1892 1161 1961; x_wconf 80' lang='grc' dir='ltr'><strong><em>ἐκείνης</em></strong></span> <span class='ocrx_word' id='word_1_167' title='bbox 1207 1891 1260 1956; x_wconf 81' lang='grc' dir='ltr'><strong><em>ἐξ</em></strong></span> <span class='ocrx_word' id='word_1_168' title='bbox 1306 1892 1492 1946; x_wconf 82' lang='grc' dir='ltr'><strong><em>ὅπλων</em></strong></span> <span class='ocrx_word' id='word_1_169' title='bbox 1534 1893 1567 1961; x_wconf 75' lang='grc' dir='ltr'><em>ἢ</em></span> <span class='ocrx_word' id='word_1_170' title='bbox 1606 1895 1882 1959; x_wconf 83' lang='grc' dir='ltr'><strong><em>μουσείων</em></strong></span> 
     </span>
     <span class='ocr_line' id='line_1_21' title="bbox 135 1975 1883 2050; baseline -0.001 -16"><span class='ocrx_word' id='word_1_171' title='bbox 135 2002 178 2034; x_wconf 79' lang='lat'><strong><em>20</em></strong></span> <span class='ocrx_word' id='word_1_172' title='bbox 201 1975 269 2033; x_wconf 74' lang='grc' dir='ltr'><strong><em>τὸ’</em></strong></span> <span class='ocrx_word' id='word_1_173' title='bbox 301 1979 484 2034; x_wconf 87' lang='grc' dir='ltr'><strong><em>πλέον.</em></strong></span> <span class='ocrx_word' id='word_1_174' title='bbox 561 1979 714 2034; x_wconf 86' lang='grc' dir='ltr'><strong><em>τουτὶ</em></strong></span> <span class='ocrx_word' id='word_1_175' title='bbox 754 1981 856 2050; x_wconf 79' lang='grc' dir='ltr'><strong><em>μὲν</em></strong></span> <span class='ocrx_word' id='word_1_176' title='bbox 895 1977 999 2034; x_wconf 83' lang='grc' dir='ltr'><strong><em>οὗν</em></strong></span> <span class='ocrx_word' id='word_1_177' title='bbox 1038 1981 1103 2034; x_wconf 88' lang='grc' dir='ltr'><strong><em>οὐ</em></strong></span> <span class='ocrx_word' id='word_1_178' title='bbox 1144 1981 1494 2034; x_wconf 78' lang='grc' dir='ltr'><strong><em>παντάπασιν</em></strong></span> <span class='ocrx_word' id='word_1_179' title='bbox 1540 1975 1648 2050; x_wconf 83' lang='grc' dir='ltr'><strong><em>εἶχε</em></strong></span> <span class='ocrx_word' id='word_1_180' title='bbox 1689 1989 1883 2049; x_wconf 81' lang='grc' dir='ltr'><strong><em>κακῶς,</em></strong></span> 
     </span>
     <span class='ocr_line' id='line_1_22' title="bbox 202 2066 1885 2140; baseline 0 -18"><span class='ocrx_word' id='word_1_181' title='bbox 202 2070 366 2138; x_wconf 85' lang='grc' dir='ltr'><strong><em>χορὸς</em></strong></span> <span class='ocrx_word' id='word_1_182' title='bbox 405 2069 465 2122; x_wconf 79' lang='grc' dir='ltr'><strong><em>δὲ</em></strong></span> <span class='ocrx_word' id='word_1_183' title='bbox 505 2069 571 2123; x_wconf 85' lang='grc' dir='ltr'><strong><em>ὃν</em></strong></span> <span class='ocrx_word' id='word_1_184' title='bbox 609 2066 791 2138; x_wconf 78' lang='grc' dir='ltr'><strong><em>ἦλθον</em></strong></span> <span class='ocrx_word' id='word_1_185' title='bbox 822 2071 989 2139; x_wconf 75' lang='grc' dir='ltr'><strong><em>ἄγων,</em></strong></span> <span class='ocrx_word' id='word_1_186' title='bbox 1029 2071 1101 2133; x_wconf 82' lang='grc' dir='ltr'><strong><em>ὡς</em></strong></span> <span class='ocrx_word' id='word_1_187' title='bbox 1133 2071 1357 2140; x_wconf 80' lang='grc' dir='ltr'><strong><em>τάχιστά</em></strong></span> <span class='ocrx_word' id='word_1_188' title='bbox 1386 2090 1480 2139; x_wconf 92' lang='grc' dir='ltr'><strong><em>μοι</em></strong></span> <span class='ocrx_word' id='word_1_189' title='bbox 1513 2069 1736 2140; x_wconf 81' lang='grc' dir='ltr'><strong><em>διέρρει,</em></strong></span> <span class='ocrx_word' id='word_1_190' title='bbox 1773 2079 1885 2123; x_wconf 85' lang='grc' dir='ltr'><strong><em>τῶν</em></strong></span> 
     </span>
     <span class='ocr_line' id='line_1_23' title="bbox 204 2152 1883 2228; baseline 0.001 -19"><span class='ocrx_word' id='word_1_191' title='bbox 204 2158 305 2224; x_wconf 83' lang='grc' dir='ltr'><strong><em>μὲν</em></strong></span> <span class='ocrx_word' id='word_1_192' title='bbox 341 2157 570 2226; x_wconf 78' lang='grc' dir='ltr'><strong><em>ἡδοναῖς</em></strong></span> <span class='ocrx_word' id='word_1_193' title='bbox 608 2158 1043 2228; x_wconf 76' lang='grc' dir='ltr'><strong><em>γοητευθέντων,</em></strong></span> <span class='ocrx_word' id='word_1_194' title='bbox 1076 2152 1157 2222; x_wconf 81' lang='grc' dir='ltr'><strong><em>οἷς</em></strong></span> <span class='ocrx_word' id='word_1_195' title='bbox 1190 2159 1252 2212; x_wconf 83' lang='grc' dir='ltr'><strong><em>δὲ</em></strong></span> <span class='ocrx_word' id='word_1_196' title='bbox 1285 2161 1339 2212; x_wconf 83' lang='grc' dir='ltr'><strong><em>αἱ</em></strong></span> <span class='ocrx_word' id='word_1_197' title='bbox 1372 2168 1583 2228; x_wconf 81' lang='grc' dir='ltr'><strong><em>γνῶμαι</em></strong></span> <span class='ocrx_word' id='word_1_198' title='bbox 1614 2160 1883 2226; x_wconf 74' lang='grc' dir='ltr'><strong><em>βελτίους,</em></strong></span> 
     </span>
     <span class='ocr_line' id='line_1_24' title="bbox 205 2241 1883 2317; baseline 0.001 -20"><span class='ocrx_word' id='word_1_199' title='bbox 205 2241 358 2298; x_wconf 82' lang='grc' dir='ltr'><strong><em>οὗτοι</em></strong></span> <span class='ocrx_word' id='word_1_200' title='bbox 401 2243 508 2315; x_wconf 75' lang='grc' dir='ltr'><strong><em>[δὲ]</em></strong></span> <span class='ocrx_word' id='word_1_201' title='bbox 549 2247 844 2315; x_wconf 83' lang='grc' dir='ltr'><strong><em>δείσαντες,</em></strong></span> <span class='ocrx_word' id='word_1_202' title='bbox 879 2242 1046 2317; x_wconf 79' lang='grc' dir='ltr'><strong><em>οἶμαι,</em></strong></span> <span class='ocrx_word' id='word_1_203' title='bbox 1078 2247 1150 2310; x_wconf 78' lang='grc' dir='ltr'><strong><em>ὡς</em></strong></span> <span class='ocrx_word' id='word_1_204' title='bbox 1182 2248 1248 2316; x_wconf 85' lang='grc' dir='ltr'><strong><em>δὴ</em></strong></span> <span class='ocrx_word' id='word_1_205' title='bbox 1282 2249 1569 2316; x_wconf 85' lang='grc' dir='ltr'><strong><em>πεφυκότα</em></strong></span> <span class='ocrx_word' id='word_1_206' title='bbox 1598 2246 1741 2299; x_wconf 85' lang='grc' dir='ltr'><strong><em>νέων</em></strong></span> <span class='ocrx_word' id='word_1_207' title='bbox 1778 2255 1883 2310; x_wconf 83' lang='grc' dir='ltr'><strong><em>ψυ-</em></strong></span> 
     </span>
     <span class='ocr_line' id='line_1_25' title="bbox 204 2335 1884 2405; baseline 0 -19"><span class='ocrx_word' id='word_1_208' title='bbox 204 2335 301 2403; x_wconf 84' lang='grc' dir='ltr'><strong><em>χὰς</em></strong></span> <span class='ocrx_word' id='word_1_209' title='bbox 339 2335 693 2405; x_wconf 85' lang='grc' dir='ltr'><strong><em>διαφθείρειν</em></strong></span> <span class='ocrx_word' id='word_1_210' title='bbox 731 2336 828 2388; x_wconf 91' lang='grc' dir='ltr'><strong><em>τὸν</em></strong></span> <span class='ocrx_word' id='word_1_211' title='bbox 866 2338 1041 2389; x_wconf 89' lang='grc' dir='ltr'><strong><em>τόπον</em></strong></span> <span class='ocrx_word' id='word_1_212' title='bbox 1080 2337 1132 2389; x_wconf 81' lang='grc' dir='ltr'><strong><em>οἱ</em></strong></span> <span class='ocrx_word' id='word_1_213' title='bbox 1171 2337 1273 2405; x_wconf 83' lang='grc' dir='ltr'><strong><em>μὲν</em></strong></span> <span class='ocrx_word' id='word_1_214' title='bbox 1312 2337 1391 2398; x_wconf 83' lang='grc' dir='ltr'><strong><em>εἰς</em></strong></span> <span class='ocrx_word' id='word_1_215' title='bbox 1431 2338 1700 2402; x_wconf 83' lang='grc' dir='ltr'><strong><em>Φοινίκην</em></strong></span> <span class='ocrx_word' id='word_1_216' title='bbox 1739 2335 1884 2387; x_wconf 84' lang='grc' dir='ltr'><strong><em>ἱστία</em></strong></span> 
     </span>
    </p>
   </div>
   <div class='ocr_carea' id='block_1_3' title="bbox 202 2446 557 2452">
    <p class='ocr_par' dir='ltr' id='par_1_5' title="bbox 202 2446 557 2452">
     <span class='ocr_line' id='line_1_26' title="bbox 202 2446 557 2452; baseline 0 0"><span class='ocrx_word' id='word_1_217' title='bbox 202 2446 557 2452; x_wconf 95' lang='lat' dir='ltr'><strong><em> </em></strong></span> 
     </span>
    </p>
   </div>
   <div class='ocr_carea' id='block_1_4' title="bbox 325 2507 659 2553">
    <p class='ocr_par' dir='ltr' id='par_1_6' title="bbox 325 2507 659 2553">
     <span class='ocr_line' id='line_1_27' title="bbox 325 2507 659 2553; baseline 0.006 -2"><span class='ocrx_word' id='word_1_218' title='bbox 325 2513 378 2551; x_wconf 79' lang='lat'><strong><em>24</em></strong></span> <span class='ocrx_word' id='word_1_219' title='bbox 412 2507 495 2551; x_wconf 88' lang='lat' dir='ltr'><strong><em>Od.</em></strong></span> <span class='ocrx_word' id='word_1_220' title='bbox 529 2525 550 2553; x_wconf 87' lang='grc' dir='ltr'><strong><em>ε</em></strong></span> <span class='ocrx_word' id='word_1_221' title='bbox 575 2514 659 2553; x_wconf 83' lang='lat'><strong><em>269</em></strong></span> 
     </span>
    </p>
   </div>
   <div class='ocr_carea' id='block_1_5' title="bbox 203 2607 556 2614">
    <p class='ocr_par' dir='ltr' id='par_1_7' title="bbox 203 2607 556 2614">
     <span class='ocr_line' id='line_1_28' title="bbox 203 2607 556 2614; baseline 0 0"><span class='ocrx_word' id='word_1_222' title='bbox 203 2607 556 2614; x_wconf 95' lang='lat' dir='ltr'><strong><em> </em></strong></span> 
     </span>
    </p>
   </div>
   <div class='ocr_carea' id='block_1_6' title="bbox 207 2668 1888 3022">
    <p class='ocr_par' dir='ltr' id='par_1_8' title="bbox 207 2668 1888 3022">
     <span class='ocr_line' id='line_1_29' title="bbox 326 2668 1825 2727; baseline 0.002 -16"><span class='ocrx_word' id='word_1_223' title='bbox 326 2674 350 2711; x_wconf 87' lang='lat'><strong>2</strong></span> <span class='ocrx_word' id='word_1_224' title='bbox 384 2668 617 2726; x_wconf 73' lang='grc' dir='ltr'><strong><em>ἵππαρχον</em></strong></span> <span class='ocrx_word' id='word_1_225' title='bbox 650 2671 831 2715; x_wconf 79' lang='lat' dir='ltr'><strong><em>AOPB</em></strong></span> <span class='ocrx_word' id='word_1_226' title='bbox 967 2676 992 2714; x_wconf 86' lang='lat'><strong>3</strong></span> <span class='ocrx_word' id='word_1_227' title='bbox 1026 2688 1055 2713; x_wconf 87' lang='grc' dir='ltr'><strong><em>α</em></strong></span> <span class='ocrx_word' id='word_1_228' title='bbox 1086 2671 1135 2713; x_wconf 93' lang='grc'><strong><em>111</em></strong></span> <span class='ocrx_word' id='word_1_229' title='bbox 1167 2668 1538 2727; x_wconf 82' lang='grc' dir='ltr'><strong><em>ὑποδεξαμένους</em></strong></span> <span class='ocrx_word' id='word_1_230' title='bbox 1567 2670 1617 2712; x_wconf 87' lang='grc'><strong><em>111</em></strong></span> <span class='ocrx_word' id='word_1_231' title='bbox 1647 2683 1721 2713; x_wconf 81' lang='lat' dir='ltr'><strong><em>ras</em></strong></span> <span class='ocrx_word' id='word_1_232' title='bbox 1753 2669 1825 2714; x_wconf 80' lang='grc' dir='ltr'><strong><em>Ρ2</em></strong></span> 
     </span>
     <span class='ocr_line' id='line_1_30' title="bbox 208 2727 1883 2788; baseline 0.001 -17"><span class='ocrx_word' id='word_1_233' title='bbox 208 2732 235 2771; x_wconf 81' lang='lat'>5</span> <span class='ocrx_word' id='word_1_234' title='bbox 259 2727 439 2784; x_wconf 80' lang='grc' dir='ltr'><strong><em>ἀνάγκη</em></strong></span> <span class='ocrx_word' id='word_1_235' title='bbox 465 2727 738 2784; x_wconf 81' lang='grc' dir='ltr'><strong><em>μεταφέρειν</em></strong></span> <span class='ocrx_word' id='word_1_236' title='bbox 764 2730 809 2771; x_wconf 88' lang='grc' dir='ltr'><strong><em>Β</em></strong></span> <span class='ocrx_word' id='word_1_237' title='bbox 870 2728 1052 2788; x_wconf 78' lang='grc' dir='ltr'><strong><em>ἀνάγκῃ</em></strong></span> <span class='ocrx_word' id='word_1_238' title='bbox 1077 2746 1129 2785; x_wconf 89' lang='grc' dir='ltr'><strong><em>με</em></strong></span> <span class='ocrx_word' id='word_1_239' title='bbox 1153 2728 1399 2786; x_wconf 84' lang='grc' dir='ltr'><strong><em>μεταφέρει</em></strong></span> <span class='ocrx_word' id='word_1_240' title='bbox 1423 2728 1526 2772; x_wconf 86' lang='lat' dir='ltr'>coni</span> <span class='ocrx_word' id='word_1_241' title='bbox 1547 2729 1614 2771; x_wconf 83' lang='lat' dir='ltr'><strong><em>Re</em></strong></span> <span class='ocrx_word' id='word_1_242' title='bbox 1691 2733 1716 2772; x_wconf 91' lang='grc'>8</span> <span class='ocrx_word' id='word_1_243' title='bbox 1742 2728 1883 2784; x_wconf 76' lang='grc' dir='ltr'><strong><em>ἀπέρ-</em></strong></span> 
     </span>
     <span class='ocr_line' id='line_1_31' title="bbox 207 2786 1883 2844; baseline 0.001 -14"><span class='ocrx_word' id='word_1_244' title='bbox 207 2792 398 2844; x_wconf 68' lang='grc' dir='ltr'><strong><em>χονταιῖ</em></strong></span> <span class='ocrx_word' id='word_1_245' title='bbox 427 2789 431 2842; x_wconf 92' lang='grc' dir='ltr'>Ι</span> <span class='ocrx_word' id='word_1_246' title='bbox 460 2787 782 2837; x_wconf 86' lang='grc' dir='ltr'><strong><em>δουλεύσοντες</em></strong></span> <span class='ocrx_word' id='word_1_247' title='bbox 813 2802 924 2831; x_wconf 77' lang='lat' dir='ltr'><strong>corr.</strong></span> <span class='ocrx_word' id='word_1_248' title='bbox 960 2803 985 2832; x_wconf 83' lang='lat' dir='ltr'>e</span> <span class='ocrx_word' id='word_1_249' title='bbox 1015 2788 1312 2838; x_wconf 81' lang='grc' dir='ltr'><strong><em>δουλεύοντες</em></strong></span> <span class='ocrx_word' id='word_1_250' title='bbox 1342 2787 1407 2832; x_wconf 83' lang='lat' dir='ltr'><strong><em>L²</em></strong></span> <span class='ocrx_word' id='word_1_251' title='bbox 1516 2792 1569 2830; x_wconf 89' lang='grc'><strong><em>10</em></strong></span> <span class='ocrx_word' id='word_1_252' title='bbox 1600 2786 1675 2844; x_wconf 77' lang='grc' dir='ltr'><strong><em>τὰ]</em></strong></span> <span class='ocrx_word' id='word_1_253' title='bbox 1708 2788 1816 2838; x_wconf 79' lang='grc' dir='ltr'><strong><em>τοὺς</em></strong></span> <span class='ocrx_word' id='word_1_254' title='bbox 1838 2790 1883 2832; x_wconf 84' lang='grc' dir='ltr'><strong><em>Α</em></strong></span> 
     </span>
     <span class='ocr_line' id='line_1_32' title="bbox 208 2845 1888 2904; baseline 0.001 -16"><span class='ocrx_word' id='word_1_255' title='bbox 208 2859 283 2889; x_wconf 86' lang='grc'>0111</span> <span class='ocrx_word' id='word_1_256' title='bbox 315 2847 357 2889; x_wconf 91' lang='lat' dir='ltr'><strong><em>L</em></strong></span> <span class='ocrx_word' id='word_1_257' title='bbox 509 2851 560 2888; x_wconf 90' lang='lat'><strong><em>11</em></strong></span> <span class='ocrx_word' id='word_1_258' title='bbox 603 2845 690 2902; x_wconf 79' lang='grc' dir='ltr'><strong><em>γὰρ</em></strong></span> <span class='ocrx_word' id='word_1_259' title='bbox 723 2859 798 2889; x_wconf 90' lang='lat' dir='ltr'><strong><em>om</em></strong></span> <span class='ocrx_word' id='word_1_260' title='bbox 829 2847 930 2890; x_wconf 87' lang='lat' dir='ltr'><strong><em>Mor</em></strong></span> <span class='ocrx_word' id='word_1_261' title='bbox 1081 2851 1133 2890; x_wconf 89' lang='lat'><strong><em>13</em></strong></span> <span class='ocrx_word' id='word_1_262' title='bbox 1172 2845 1364 2890; x_wconf 83' lang='grc' dir='ltr'><strong><em>τοπλέον</em></strong></span> <span class='ocrx_word' id='word_1_263' title='bbox 1391 2848 1434 2890; x_wconf 89' lang='lat' dir='ltr'><strong><em>V</em></strong></span> <span class='ocrx_word' id='word_1_264' title='bbox 1469 2847 1475 2904; x_wconf 96' lang='grc' dir='ltr'>Ι</span> <span class='ocrx_word' id='word_1_265' title='bbox 1518 2850 1762 2901; x_wconf 81' lang='grc' dir='ltr'><strong><em>κεκρῖσθαι</em></strong></span> <span class='ocrx_word' id='word_1_266' title='bbox 1794 2847 1888 2890; x_wconf 81' lang='lat' dir='ltr'><strong><em>AO</em></strong></span> 
     </span>
     <span class='ocr_line' id='line_1_33' title="bbox 271 2904 1824 2962; baseline -0.001 -15"><span class='ocrx_word' id='word_1_267' title='bbox 271 2909 323 2947; x_wconf 88' lang='lat'><strong><em>15</em></strong></span> <span class='ocrx_word' id='word_1_268' title='bbox 357 2921 379 2954; x_wconf 85' lang='grc' dir='ltr'><strong><em>ς</em></strong></span> <span class='ocrx_word' id='word_1_269' title='bbox 409 2904 458 2946; x_wconf 83' lang='grc'><strong><em>111</em></strong></span> <span class='ocrx_word' id='word_1_270' title='bbox 490 2904 629 2954; x_wconf 81' lang='grc' dir='ltr'><strong><em>αὐτὸς</em></strong></span> <span class='ocrx_word' id='word_1_271' title='bbox 659 2905 708 2947; x_wconf 87' lang='grc'><strong><em>111</em></strong></span> <span class='ocrx_word' id='word_1_272' title='bbox 738 2918 813 2948; x_wconf 78' lang='lat' dir='ltr'><strong><em>ras</em></strong></span> <span class='ocrx_word' id='word_1_273' title='bbox 845 2905 907 2950; x_wconf 81' lang='lat'><strong><em>0²</em></strong></span> <span class='ocrx_word' id='word_1_274' title='bbox 1000 2910 1051 2949; x_wconf 83' lang='lat'><strong><em>17</em></strong></span> <span class='ocrx_word' id='word_1_275' title='bbox 1087 2904 1146 2955; x_wconf 85' lang='grc' dir='ltr'><strong><em>ὣς</em></strong></span> <span class='ocrx_word' id='word_1_276' title='bbox 1175 2906 1359 2962; x_wconf 83' lang='lat' dir='ltr'>reposui</span> <span class='ocrx_word' id='word_1_277' title='bbox 1392 2919 1417 2948; x_wconf 81' lang='lat' dir='ltr'>e</span> <span class='ocrx_word' id='word_1_278' title='bbox 1447 2905 1579 2948; x_wconf 83' lang='lat' dir='ltr'>libris</span> <span class='ocrx_word' id='word_1_279' title='bbox 1642 2906 1702 2955; x_wconf 86' lang='grc' dir='ltr'><strong><em>ὡς</em></strong></span> <span class='ocrx_word' id='word_1_280' title='bbox 1733 2905 1824 2948; x_wconf 85' lang='lat' dir='ltr'><strong><em>edd</em></strong></span> 
     </span>
     <span class='ocr_line' id='line_1_34' title="bbox 210 2961 1802 3022; baseline 0.001 -16"><span class='ocrx_word' id='word_1_281' title='bbox 210 2967 265 3006; x_wconf 83' lang='lat'><strong><em>20</em></strong></span> <span class='ocrx_word' id='word_1_282' title='bbox 296 2961 488 3007; x_wconf 85' lang='grc' dir='ltr'><strong><em>τοπλέον</em></strong></span> <span class='ocrx_word' id='word_1_283' title='bbox 515 2964 584 3019; x_wconf 72' lang='lat' dir='ltr'><strong><em>Vl</em></strong></span> <span class='ocrx_word' id='word_1_284' title='bbox 611 2964 743 3007; x_wconf 85' lang='grc' dir='ltr'><strong><em>ταυτὶ</em></strong></span> <span class='ocrx_word' id='word_1_285' title='bbox 773 2964 875 3007; x_wconf 83' lang='grc' dir='ltr'>Μο1·</span> <span class='ocrx_word' id='word_1_286' title='bbox 995 2969 1050 3007; x_wconf 83' lang='grc'><strong><em>23</em></strong></span> <span class='ocrx_word' id='word_1_287' title='bbox 1083 2965 1132 3008; x_wconf 83' lang='grc' dir='ltr'><strong><em>δὲ</em></strong></span> <span class='ocrx_word' id='word_1_288' title='bbox 1164 2965 1294 3008; x_wconf 80' lang='lat' dir='ltr'><strong>uncis</strong></span> <span class='ocrx_word' id='word_1_289' title='bbox 1325 2964 1494 3008; x_wconf 83' lang='lat' dir='ltr'>inclusi</span> <span class='ocrx_word' id='word_1_290' title='bbox 1521 2965 1527 3022; x_wconf 88' lang='grc' dir='ltr'>Ι</span> <span class='ocrx_word' id='word_1_291' title='bbox 1554 2971 1728 3021; x_wconf 85' lang='grc' dir='ltr'><strong><em>ψυχαῖς</em></strong></span> <span class='ocrx_word' id='word_1_292' title='bbox 1757 2965 1802 3008; x_wconf 88' lang='grc' dir='ltr'><em>Β</em></span> 
     </span>
    </p>
   </div>
  </div>
 </body>
</html>
