2026 3168
679 156 906 201 LIBANII
936 156 1276 202 ORATIONES
1746 156 1817 209 59

136 297 341 346 Lauban
370 290 566 362 1870)“
598 297 830 346 lectiones
862 297 1128 347 nonnullas
1159 297 1383 359 protulit.
1434 295 1660 345 Godicem
1687 311 1816 345 anno

138 373 278 420 1880
317 370 521 420 Parisiis
570 371 847 420 examinavi
896 387 1118 434 quaeque
1155 386 1350 420 necesse
1388 371 1549 420 visum
1593 372 1667 419 est
1705 386 1816 419 con-

134 446 241 507 tuli,
274 445 472 493 initium
487 445 636 493 Vitae
668 446 883 508 gratiose
915 445 1038 493 mihi
1070 445 1281 493 contulit
1310 444 1551 494 Henricus
1575 439 1815 508 Lebegue.

248 521 329 567 12.
373 518 534 567 Codex
564 519 1008 567 Laurentianus
1039 518 1181 567 LVII
1213 520 1279 568 27
1313 519 1599 568 chartaceus
1630 519 1816 567 formae

135 595 340 654 quartae
378 592 564 641 duobus
597 595 743 641 tomis
775 593 855 641 vel
885 593 1019 641 foliis
1054 593 1157 640 556
1192 593 1570 655 comprehensus
1603 594 1816 654 scriptus

133 683 261 715 anno
305 668 443 744 1392
485 669 610 715 teste
651 667 1008 729 subscriptione
1049 682 1174 728 quae
1215 668 1288 715 est
1334 667 1386 713 in
1425 666 1519 715 fine
1568 660 1674 734 (fol.
1711 667 1816 716 554

120 738 317 802 ’'Etovg,
349 737 411 796 ςῶ
435 733 530 801 (λῶ
554 738 685 798 τέλος
710 739 803 789 σὺν
831 740 936 808 Θεῷ
962 737 1083 809 ἁγίῳ
1115 747 1202 804 τῆς
1225 739 1480 805 παρούσης
1504 738 1673 789 δέλτου
1697 738 1818 804 μηνὶ

132 814 464 880 Σεπτεμβρίω.
510 812 629 881 χειρὶ
669 812 721 864 δὲ
759 833 840 862 και
879 814 1015 884 κόπω
1060 812 1377 878 Θεοπέμπτου
1415 812 1694 878 ἐτελειώθη·
1735 811 1817 862 καὶ

131 887 335 953 πάντας,
374 885 579 951 ἀδελφοὶ
617 886 699 937 καὶ
738 886 954 954 πατέρες,
992 886 1247 952 ἀντιβολῶ,
1286 885 1488 953 εὔχεσθε
1525 907 1621 952 μοι.
1698 889 1816 936 For-

131 965 262 1010 tasse
300 963 431 1010 idem
472 966 546 1010 est
585 965 737 1024 atque
777 963 928 1010 codex
968 963 1052 1025 qui
1082 962 1350 1011 Laurentio
1382 962 1562 1011 Medici
1601 962 1662 1011 ab
1692 962 1815 1011 Iano

133 1036 336 1085 Lascari
376 1054 399 1084 e
439 1036 664 1084 manibus
703 1036 898 1084 Nicolai
936 1036 1029 1084 filii
1067 1036 1234 1084 Iacobi
1273 1035 1500 1085 Senensis
1546 1036 1725 1084 medici
1761 1038 1816 1084 in

129 1110 299 1158 insula
341 1110 486 1159 Creta
525 1126 653 1159 anno
696 1111 834 1158 1491
878 1112 1188 1173 comparatus
1229 1103 1363 1177 est.1)

242 1184 315 1232 Ac
353 1187 488 1247 prior
527 1187 690 1232 tomus
731 1184 1202 1232 declamationes
1242 1185 1474 1232 continet.

243 1258 302 1305 In
341 1258 460 1307 folio
506 1261 531 1306 1
576 1258 784 1320 scriptus
826 1260 900 1306 est
935 1258 1205 1306 versiculus

242 1329 398 1397 χριστὲ
437 1331 579 1380 δίδου
618 1329 845 1381 πονέοντι
883 1330 997 1395 τεὴν
1035 1331 1312 1396 πολύολβον
1350 1329 1562 1397 ἀρωγὴν.

244 1406 476 1468 Sequitur
521 1421 677 1468 aeque
726 1407 873 1467 atque
913 1406 965 1452 in
1005 1405 1169 1454 codice
1207 1405 1666 1453 Wolfenbuttelano
1710 1406 1810 1453 511

132 1496 190 1528 ex
242 1479 333 1528 hoc
387 1479 631 1542 descripto
688 1473 782 1546 (=
822 1497 868 1527 n.
911 1473 1002 1547 13)
1057 1480 1202 1528 index
1252 1480 1690 1542 declamationum,
1738 1480 1812 1529 cui

131 1555 244 1616 post
274 1553 789 1617 131111111111εΛιβανίου
822 1560 1060 1617 σοφιστοῦ
1092 1552 1313 1620 ῥήτορος,
1346 1551 1531 1617 μελέται
1565 1551 1647 1602 καὶ
1682 1553 1816 1619 λόγοι

129 1629 389 1690 praemissi
429 1628 545 1676 sunt
581 1643 750 1676 versus

351 1700 536 1750 πίνακά
574 1714 653 1750 σοι
692 1698 959 1768 προῦθηκα
997 1701 1142 1765 τῆσδε
1180 1707 1268 1766 τῆς
1306 1701 1500 1766 βίβλου,

352 1773 418 1835 ὡς
457 1773 654 1833 ἀπόνως
693 1781 810 1843 σχῇς
850 1774 1021 1867 ὅνπερ
1031 1772 1094 1823 ἂν
1133 1776 1288 1839 ζητεῖς
1325 1774 1489 1840 λόγον,

132 1851 182 1896 et
219 1851 338 1897 nota
377 1846 644 1939 προύθηκα
682 1846 735 1898 δὲ
773 1847 951 1898 ἐνθαδὶ
991 1842 1029 1898 ὦ
1069 1849 1180 1912 φίλε
1226 1849 1312 1899 τὸν
1357 1849 1542 1897 πίνακα
1587 1855 1685 1897 τῶν
1734 1867 1815 1913 με·

131 1924 279 1971 λετῶν
322 1921 442 1971 ἰδία·
490 1920 573 1971 καὶ
611 1922 759 1971 πάλιν
805 1922 874 1982 εἰς
919 1922 1034 1981 τοὺς
1072 1922 1248 1988 λόγους
1295 1922 1396 1971 ἰδία
1442 1919 1589 1971 ἄλλον
1631 1922 1816 1971 πίνακα

133 1994 215 2044 διὰ
253 1995 305 2045 τὸ
345 1993 568 2045 εύκολον·
610 2017 667 2035 Ν

244 2071 328 2118 fol.
371 2072 401 2118 3
449 2070 500 2117 in
547 2085 737 2118 summo
783 2086 939 2134 marg.
987 2071 1119 2118 rubr.
1171 2068 1305 2135 πηγὴ
1357 2070 1538 2134 σοφίης
1592 2063 1631 2119 ὦ
1680 2069 1815 2137 τριὰς

130 2141 336 2209 ἄγνοιαν
374 2142 488 2207 ἐμεῦ
527 2137 656 2192 ὦσον
695 2141 812 2192 ἄπο·
855 2138 949 2211 (=
980 2144 1131 2192 Wolf.
1171 2144 1256 2192 fol.
1292 2137 1348 2211 3)

241 2219 325 2267 fol.
353 2219 383 2266 3
417 2216 539 2282 ἔχων
559 2236 630 2277 τις
653 2221 864 2282 γυναῖκα
884 2215 965 2266 καὶ
990 2214 1060 2266 ὢν
1079 2215 1177 2267 ὑπὸ
1201 2216 1347 2285 πατρὶ
1372 2212 1466 2285 (=
1476 2218 1625 2267 Wolf.
1652 2219 1736 2266 fol.
1757 2212 1812 2285 3)

246 2294 314 2341 10
353 2290 695 2357 πρεσβευτικὸς
726 2291 848 2357 πρὸς
878 2290 993 2350 τοὺς
1016 2298 1173 2358 τρῶας
1195 2289 1318 2358 ὑπὲρ
1351 2298 1438 2356 τῆς
1469 2289 1636 2356 ἕλένης
1667 2289 1815 2341 ὀδυσ-

132 2365 244 2425 σεύς
284 2359 378 2432 (=
402 2366 646 2414 Wolfenb.
693 2368 786 2414 10v
860 2358 914 2431 β)

1851 529 1904 569 12

245 2441 312 2487 22
353 2437 580 2503 ἐζήτησεν
619 2436 645 2488 ὅ
678 2439 915 2502 φίλιππος
945 2437 1029 2488 τὸν
1061 2437 1380 2504 ὃημοσθένην
1410 2442 1507 2489 κτλ.
1540 2440 1611 2487 IV
1638 2441 1741 2488 253
1772 2441 1814 2488 R
1850 2470 1856 2474 «

136 2506 230 2579 (=
261 2513 412 2561 Wolf
455 2515 549 2561 25
622 2507 675 2580 γ)

245 2589 340 2634 27⁷
398 2586 638 2652 τύραννος
698 2582 877 2655 ἤτησεν
936 2584 985 2644 ἐξ
1038 2584 1376 2652 ἀστυγείτονος
1429 2589 1525 2636 κτλ.
1587 2587 1659 2635 IV
1706 2589 1813 2636 460

135 2653 229 2726 (=
264 2661 411 2709 Wolf.
454 2662 520 2710 32
598 2660 698 2727 λόγ.
738 2654 790 2727 ὃ)

253 2847 295 2901 1)
338 2844 404 2889 Cf.
441 2846 553 2889 Aen.
590 2845 907 2900 Piccolomini‚
948 2844 1128 2889 Rivista
1165 2845 1213 2888 di
1249 2845 1357 2889 filol.
1394 2846 1436 2889 Π
1479 2850 1565 2890 415
1601 2860 1667 2902 sq.
1713 2847 1815 2902 (Li-

133 2904 263 2947 banii
300 2906 524 2949 orationes
554 2909 595 2948 et
626 2880 977 2949 declamacio'nes
1007 2917 1157 2948 omnes
1188 2906 1243 2949 P
1284 2904 1313 2947 i.
1340 2917 1377 2948 e.
1404 2906 1610 2963 Papyr..)
1656 2904 1811 2962 Serap.

133 2961 218 3005 XV
252 2966 348 3006 156.
413 2962 478 3006 cf.
511 2962 635 3006 infra
665 2977 709 3019 p.
737 2968 805 3007 66.
