<?xml version="1.0" encoding="UTF-8"?>
<!DOCTYPE html PUBLIC "-//W3C//DTD XHTML 1.0 Transitional//EN"
    "http://www.w3.org/TR/xhtml1/DTD/xhtml1-transitional.dtd">
<html xmlns="http://www.w3.org/1999/xhtml" xml:lang="en" lang="en">
 <head>
  <title>
</title>
<meta http-equiv="Content-Type" content="text/html;charset=utf-8" />
  <meta name='ocr-system' content='tesseract 3.04.00' />
  <meta name='ocr-capabilities' content='ocr_page ocr_carea ocr_par ocr_line ocrx_word'/>
</head>
<body>
  <div class='ocr_page' id='page_1' title='image "./operarecensuitri01libauoft_0116.png"; bbox 0 0 2026 3168; ppageno 0'>
   <div class='ocr_carea' id='block_1_1' title="bbox 207 108 1344 163">
    <p class='ocr_par' dir='ltr' id='par_1_1' title="bbox 207 108 1344 163">
     <span class='ocr_line' id='line_1_1' title="bbox 207 108 1344 163; baseline 0 -10"><span class='ocrx_word' id='word_1_1' title='bbox 207 109 312 163; x_wconf 87' lang='lat'><em>100</em></span> <span class='ocrx_word' id='word_1_2' title='bbox 746 108 972 153; x_wconf 87' lang='lat' dir='ltr'><strong>LIBANH</strong></span> <span class='ocrx_word' id='word_1_3' title='bbox 1003 108 1344 154; x_wconf 84' lang='lat' dir='ltr'><strong>ORATIONES</strong></span> 
     </span>
    </p>
   </div>
   <div class='ocr_carea' id='block_1_2' title="bbox 116 244 1893 2003">
    <p class='ocr_par' dir='ltr' id='par_1_2' title="bbox 116 244 1892 1382">
     <span class='ocr_line' id='line_1_2' title="bbox 206 244 1890 316; baseline 0.001 -17"><span class='ocrx_word' id='word_1_4' title='bbox 206 247 433 299; x_wconf 82' lang='grc' dir='ltr'><em>ἔσεσθαι</em></span> <span class='ocrx_word' id='word_1_5' title='bbox 492 253 557 316; x_wconf 79' lang='grc' dir='ltr'><em>τῇ</em></span> <span class='ocrx_word' id='word_1_6' title='bbox 620 244 959 314; x_wconf 79' lang='grc' dir='ltr'><em>ἐπιτηδεύσει</em></span> <span class='ocrx_word' id='word_1_7' title='bbox 1019 247 1312 315; x_wconf 87' lang='grc' dir='ltr'><em>προοίμιον</em></span> <span class='ocrx_word' id='word_1_8' title='bbox 1367 245 1401 313; x_wconf 84' lang='grc' dir='ltr'><em>ἡ</em></span> <span class='ocrx_word' id='word_1_9' title='bbox 1456 244 1719 316; x_wconf 78' lang='grc' dir='ltr'><strong><em>ἐπιορκία.</em></strong></span> <span class='ocrx_word' id='word_1_10' title='bbox 1797 247 1890 300; x_wconf 75' lang='grc' dir='ltr'><em>διὰ</em></span> 
     </span>
     <span class='ocr_line' id='line_1_3' title="bbox 205 332 1890 405; baseline 0.001 -18"><span class='ocrx_word' id='word_1_11' title='bbox 205 342 375 388; x_wconf 84' lang='grc' dir='ltr'><em>ταῦτα</em></span> <span class='ocrx_word' id='word_1_12' title='bbox 414 336 623 388; x_wconf 86' lang='grc' dir='ltr'><em>ἔπλεον,</em></span> <span class='ocrx_word' id='word_1_13' title='bbox 666 372 669 376; x_wconf 62' lang='grc'><strong><em>«</em></strong></span> <span class='ocrx_word' id='word_1_14' title='bbox 702 332 887 387; x_wconf 86' lang='grc' dir='ltr'><em>ἐλθὼν</em></span> <span class='ocrx_word' id='word_1_15' title='bbox 926 335 993 403; x_wconf 83' lang='grc' dir='ltr'><em>δὴ</em></span> <span class='ocrx_word' id='word_1_16' title='bbox 1032 334 1123 387; x_wconf 79' lang='grc' dir='ltr'><em>καὶ</em></span> <span class='ocrx_word' id='word_1_17' title='bbox 1161 334 1264 387; x_wconf 86' lang='grc' dir='ltr'><em>οὐκ</em></span> <span class='ocrx_word' id='word_1_18' title='bbox 1295 332 1621 405; x_wconf 77' lang='grc' dir='ltr'><strong><em>ἐπιορκήσας</em></strong></span> <span class='ocrx_word' id='word_1_19' title='bbox 1651 333 1731 388; x_wconf 83' lang='grc' dir='ltr'><em>ἐπ’</em></span> <span class='ocrx_word' id='word_1_20' title='bbox 1763 335 1890 405; x_wconf 88' lang='grc' dir='ltr'><em>ὀχή-</em></span> 
     </span>
     <span class='ocr_line' id='line_1_4' title="bbox 205 421 1892 494; baseline 0.001 -18"><span class='ocrx_word' id='word_1_21' title='bbox 205 443 371 490; x_wconf 91' lang='grc' dir='ltr'><em>ματος</em></span> <span class='ocrx_word' id='word_1_22' title='bbox 425 424 689 476; x_wconf 88' lang='grc' dir='ltr'><em>δικύκλου</em></span> <span class='ocrx_word' id='word_1_23' title='bbox 751 432 1015 492; x_wconf 82' lang='grc' dir='ltr'><em>χειμῶνος</em></span> <span class='ocrx_word' id='word_1_24' title='bbox 1076 421 1382 493; x_wconf 77' lang='grc' dir='ltr'><em>ἀρχομένου</em></span> <span class='ocrx_word' id='word_1_25' title='bbox 1435 433 1548 477; x_wconf 85' lang='grc' dir='ltr'><em>τῶν</em></span> <span class='ocrx_word' id='word_1_26' title='bbox 1600 432 1695 493; x_wconf 81' lang='grc' dir='ltr'><em>τῆς</em></span> <span class='ocrx_word' id='word_1_27' title='bbox 1748 425 1892 494; x_wconf 79' lang='grc' dir='ltr'><em>ὥρας</em></span> 
     </span>
     <span class='ocr_line' id='line_1_5' title="bbox 116 508 1890 585; baseline -0.001 -17"><span class='ocrx_word' id='word_1_28' title='bbox 116 525 158 568; x_wconf 86' lang='lat' dir='ltr'>R</span> <span class='ocrx_word' id='word_1_29' title='bbox 180 529 234 568; x_wconf 82' lang='lat'><em>26</em></span> <span class='ocrx_word' id='word_1_30' title='bbox 260 512 584 581; x_wconf 80' lang='grc' dir='ltr'><strong><em>ἀνεχόμενος</em></strong></span> <span class='ocrx_word' id='word_1_31' title='bbox 607 511 852 581; x_wconf 78' lang='grc' dir='ltr'><em>ἀνιαρῶν</em></span> <span class='ocrx_word' id='word_1_32' title='bbox 874 512 1138 580; x_wconf 79' lang='grc' dir='ltr'><em>ἤλαυνον,</em></span> <span class='ocrx_word' id='word_1_33' title='bbox 1163 511 1306 574; x_wconf 83' lang='grc' dir='ltr'><em>ὅπως</em></span> <span class='ocrx_word' id='word_1_34' title='bbox 1330 508 1497 575; x_wconf 80' lang='grc' dir='ltr'><em>αὖθις</em></span> <span class='ocrx_word' id='word_1_35' title='bbox 1519 515 1661 585; x_wconf 79' lang='grc' dir='ltr'><em>λόγῳ</em></span> <span class='ocrx_word' id='word_1_36' title='bbox 1689 512 1694 584; x_wconf 86' lang='grc' dir='ltr'>Ι</span> <span class='ocrx_word' id='word_1_37' title='bbox 1722 526 1890 583; x_wconf 86' lang='grc' dir='ltr'><em>προσ-</em></span> 
     </span>
     <span class='ocr_line' id='line_1_6' title="bbox 162 599 1891 670; baseline 0.001 -16"><span class='ocrx_word' id='word_1_38' title='bbox 162 622 183 655; x_wconf 85' lang='lat'>5</span> <span class='ocrx_word' id='word_1_39' title='bbox 206 603 370 670; x_wconf 80' lang='grc' dir='ltr'><em>θείην</em></span> <span class='ocrx_word' id='word_1_40' title='bbox 418 603 595 670; x_wconf 84' lang='grc' dir='ltr'><em>ἔργον.</em></span> <span class='ocrx_word' id='word_1_41' title='bbox 672 600 758 653; x_wconf 83' lang='lat'><em>34.</em></span> <span class='ocrx_word' id='word_1_42' title='bbox 811 601 1013 654; x_wconf 90' lang='grc' dir='ltr'><em>τούτου</em></span> <span class='ocrx_word' id='word_1_43' title='bbox 1061 601 1128 669; x_wconf 86' lang='grc' dir='ltr'><em>δὴ</em></span> <span class='ocrx_word' id='word_1_44' title='bbox 1168 608 1267 653; x_wconf 87' lang='grc' dir='ltr'><em>τοῦ</em></span> <span class='ocrx_word' id='word_1_45' title='bbox 1307 599 1451 654; x_wconf 88' lang='grc' dir='ltr'><em>νέων</em></span> <span class='ocrx_word' id='word_1_46' title='bbox 1487 601 1562 655; x_wconf 85' lang='grc' dir='ltr'><em>τε</em></span> <span class='ocrx_word' id='word_1_47' title='bbox 1584 600 1891 655; x_wconf 82' lang='grc' dir='ltr'><em>ἐπιστατεῖν</em></span> 
     </span>
     <span class='ocr_line' id='line_1_7' title="bbox 209 688 1891 761; baseline 0.001 -19"><span class='ocrx_word' id='word_1_48' title='bbox 209 688 269 742; x_wconf 87' lang='grc' dir='ltr'><em>ἐν</em></span> <span class='ocrx_word' id='word_1_49' title='bbox 315 690 598 751; x_wconf 80' lang='grc' dir='ltr'><em>τοσούτοις</em></span> <span class='ocrx_word' id='word_1_50' title='bbox 648 691 837 742; x_wconf 82' lang='grc' dir='ltr'><em>ἔθνεσι</em></span> <span class='ocrx_word' id='word_1_51' title='bbox 887 690 978 742; x_wconf 83' lang='grc' dir='ltr'><em>καὶ</em></span> <span class='ocrx_word' id='word_1_52' title='bbox 1026 697 1122 757; x_wconf 83' lang='grc' dir='ltr'><em>τῆς</em></span> <span class='ocrx_word' id='word_1_53' title='bbox 1170 698 1283 742; x_wconf 83' lang='grc' dir='ltr'><em>τῶν</em></span> <span class='ocrx_word' id='word_1_54' title='bbox 1332 691 1513 758; x_wconf 90' lang='grc' dir='ltr'><em>λόγων</em></span> <span class='ocrx_word' id='word_1_55' title='bbox 1563 690 1891 761; x_wconf 79' lang='grc' dir='ltr'><em>ἀπεργασίας</em></span> 
     </span>
     <span class='ocr_line' id='line_1_8' title="bbox 210 775 1890 848; baseline 0.001 -17"><span class='ocrx_word' id='word_1_56' title='bbox 210 778 310 831; x_wconf 88' lang='grc' dir='ltr'><em>οὐκ</em></span> <span class='ocrx_word' id='word_1_57' title='bbox 388 778 592 845; x_wconf 86' lang='grc' dir='ltr'><em>ὀλίγων</em></span> <span class='ocrx_word' id='word_1_58' title='bbox 670 776 1197 848; x_wconf 80' lang='grc' dir='ltr'><em>δημιουργηθέντων</em></span> <span class='ocrx_word' id='word_1_59' title='bbox 1271 779 1363 831; x_wconf 87' lang='grc' dir='ltr'><em>καὶ</em></span> <span class='ocrx_word' id='word_1_60' title='bbox 1439 778 1578 841; x_wconf 83' lang='grc' dir='ltr'><strong><em>ὅλως</em></strong></span> <span class='ocrx_word' id='word_1_61' title='bbox 1645 775 1723 833; x_wconf 81' lang='grc' dir='ltr'><em>ὧν</em></span> <span class='ocrx_word' id='word_1_62' title='bbox 1789 786 1890 832; x_wconf 90' lang='grc' dir='ltr'><em>τοῦ</em></span> 
     </span>
     <span class='ocr_line' id='line_1_9' title="bbox 209 865 1892 937; baseline 0.002 -19"><span class='ocrx_word' id='word_1_63' title='bbox 209 875 315 919; x_wconf 89' lang='grc' dir='ltr'><em>νῦν</em></span> <span class='ocrx_word' id='word_1_64' title='bbox 369 865 713 920; x_wconf 80' lang='grc' dir='ltr'><em>ἀπολέλαυκα</em></span> <span class='ocrx_word' id='word_1_65' title='bbox 767 869 1036 935; x_wconf 89' lang='grc' dir='ltr'><em>σχήματος</em></span> <span class='ocrx_word' id='word_1_66' title='bbox 1089 867 1151 919; x_wconf 78' lang='grc' dir='ltr'><em>ἓν</em></span> <span class='ocrx_word' id='word_1_67' title='bbox 1203 865 1380 920; x_wconf 85' lang='grc' dir='ltr'><em>ἐκεῖνο</em></span> <span class='ocrx_word' id='word_1_68' title='bbox 1435 867 1730 936; x_wconf 82' lang='grc' dir='ltr'><em>αἰτιατέον,</em></span> <span class='ocrx_word' id='word_1_69' title='bbox 1789 869 1892 937; x_wconf 86' lang='grc' dir='ltr'><em>τὴν</em></span> 
     </span>
     <span class='ocr_line' id='line_1_10' title="bbox 208 952 1891 1027; baseline 0.002 -20"><span class='ocrx_word' id='word_1_70' title='bbox 208 962 285 1027; x_wconf 76' lang='grc' dir='ltr'><em>τῷ</em></span> <span class='ocrx_word' id='word_1_71' title='bbox 355 957 499 1027; x_wconf 81' lang='grc' dir='ltr'><em>φίλῳ</em></span> <span class='ocrx_word' id='word_1_72' title='bbox 560 952 661 1022; x_wconf 75' lang='grc' dir='ltr'><em>μὲν</em></span> <span class='ocrx_word' id='word_1_73' title='bbox 726 953 788 1007; x_wconf 84' lang='grc' dir='ltr'><em>ἐν</em></span> <span class='ocrx_word' id='word_1_74' title='bbox 854 957 1118 1026; x_wconf 80' lang='grc' dir='ltr'><em>κοινωνίᾳ</em></span> <span class='ocrx_word' id='word_1_75' title='bbox 1178 963 1274 1024; x_wconf 83' lang='grc' dir='ltr'><em>τῆς</em></span> <span class='ocrx_word' id='word_1_76' title='bbox 1334 954 1526 1019; x_wconf 80' lang='grc' dir='ltr'><em>ἐξόδου</em></span> <span class='ocrx_word' id='word_1_77' title='bbox 1589 956 1891 1026; x_wconf 84' lang='grc' dir='ltr'><em>δεδομένην</em></span> 
     </span>
     <span class='ocr_line' id='line_1_11' title="bbox 136 1040 1891 1114; baseline -0.001 -15"><span class='ocrx_word' id='word_1_78' title='bbox 136 1067 185 1099; x_wconf 75' lang='grc' dir='ltr'><em>,ιο</em></span> <span class='ocrx_word' id='word_1_79' title='bbox 209 1044 395 1113; x_wconf 83' lang='grc' dir='ltr'><em>χάριν,</em></span> <span class='ocrx_word' id='word_1_80' title='bbox 447 1044 546 1096; x_wconf 91' lang='grc' dir='ltr'><em>τὸν</em></span> <span class='ocrx_word' id='word_1_81' title='bbox 600 1043 733 1111; x_wconf 87' lang='grc' dir='ltr'><em>ἐμὸν</em></span> <span class='ocrx_word' id='word_1_82' title='bbox 782 1040 843 1096; x_wconf 76' lang='grc' dir='ltr'><em>δὲ</em></span> <span class='ocrx_word' id='word_1_83' title='bbox 892 1045 1028 1113; x_wconf 90' lang='grc' dir='ltr'><em>πρὸς</em></span> <span class='ocrx_word' id='word_1_84' title='bbox 1077 1045 1208 1107; x_wconf 87' lang='grc' dir='ltr'><em>τοὺς</em></span> <span class='ocrx_word' id='word_1_85' title='bbox 1257 1042 1356 1108; x_wconf 78' lang='grc' dir='ltr'><em>ἔξω</em></span> <span class='ocrx_word' id='word_1_86' title='bbox 1406 1046 1620 1108; x_wconf 84' lang='grc' dir='ltr'><em>τόπους</em></span> <span class='ocrx_word' id='word_1_87' title='bbox 1657 1045 1891 1114; x_wconf 84' lang='grc' dir='ltr'><em>ἀφελοῦ-</em></span> 
     </span>
     <span class='ocr_line' id='line_1_12' title="bbox 207 1129 1891 1203; baseline 0.001 -18"><span class='ocrx_word' id='word_1_88' title='bbox 207 1146 312 1186; x_wconf 90' lang='grc' dir='ltr'><em>σαν</em></span> <span class='ocrx_word' id='word_1_89' title='bbox 363 1134 559 1201; x_wconf 84' lang='grc' dir='ltr'><em>φόβον.</em></span> <span class='ocrx_word' id='word_1_90' title='bbox 637 1135 685 1185; x_wconf 81' lang='grc' dir='ltr'><em>εἰ</em></span> <span class='ocrx_word' id='word_1_91' title='bbox 733 1133 837 1203; x_wconf 79' lang='grc' dir='ltr'><em>γὰρ</em></span> <span class='ocrx_word' id='word_1_92' title='bbox 883 1129 953 1186; x_wconf 85' lang='grc' dir='ltr'><em>αὖ</em></span> <span class='ocrx_word' id='word_1_93' title='bbox 1002 1134 1074 1202; x_wconf 81' lang='grc' dir='ltr'><em>μὴ</em></span> <span class='ocrx_word' id='word_1_94' title='bbox 1125 1135 1245 1186; x_wconf 89' lang='grc' dir='ltr'><em>τότε</em></span> <span class='ocrx_word' id='word_1_95' title='bbox 1294 1153 1360 1200; x_wconf 89' lang='grc' dir='ltr'><em>με</em></span> <span class='ocrx_word' id='word_1_96' title='bbox 1399 1131 1660 1203; x_wconf 80' lang='grc' dir='ltr'><em>ἐξήγαγεν</em></span> <span class='ocrx_word' id='word_1_97' title='bbox 1698 1133 1727 1187; x_wconf 86' lang='grc' dir='ltr'>ὁ</span> <span class='ocrx_word' id='word_1_98' title='bbox 1775 1135 1891 1187; x_wconf 86' lang='grc' dir='ltr'><em>δαί-</em></span> 
     </span>
     <span class='ocr_line' id='line_1_13' title="bbox 206 1219 1892 1292; baseline 0.001 -18"><span class='ocrx_word' id='word_1_99' title='bbox 206 1242 341 1290; x_wconf 89' lang='grc' dir='ltr'><em>μων,</em></span> <span class='ocrx_word' id='word_1_100' title='bbox 381 1219 594 1289; x_wconf 77' lang='grc' dir='ltr'><em>ἐκράτει</em></span> <span class='ocrx_word' id='word_1_101' title='bbox 633 1220 703 1274; x_wconf 77' lang='grc' dir='ltr'><em>ἂν</em></span> <span class='ocrx_word' id='word_1_102' title='bbox 740 1222 801 1274; x_wconf 93' lang='grc' dir='ltr'><em>τὸ</em></span> <span class='ocrx_word' id='word_1_103' title='bbox 841 1221 925 1274; x_wconf 82' lang='grc' dir='ltr'><em>ἀεὶ</em></span> <span class='ocrx_word' id='word_1_104' title='bbox 964 1223 1084 1275; x_wconf 89' lang='grc' dir='ltr'><em>δεῖν</em></span> <span class='ocrx_word' id='word_1_105' title='bbox 1121 1221 1322 1288; x_wconf 90' lang='grc' dir='ltr'><em>μένειν.</em></span> <span class='ocrx_word' id='word_1_106' title='bbox 1398 1221 1485 1275; x_wconf 81' lang='lat'><em>35.</em></span> <span class='ocrx_word' id='word_1_107' title='bbox 1522 1223 1627 1291; x_wconf 75' lang='grc' dir='ltr'><em>ἤδη</em></span> <span class='ocrx_word' id='word_1_108' title='bbox 1662 1219 1765 1292; x_wconf 77' lang='grc' dir='ltr'><em>μὲν</em></span> <span class='ocrx_word' id='word_1_109' title='bbox 1799 1223 1892 1276; x_wconf 80' lang='grc' dir='ltr'><em>καὶ</em></span> 
     </span>
     <span class='ocr_line' id='line_1_14' title="bbox 209 1308 1887 1382; baseline 0.001 -20"><span class='ocrx_word' id='word_1_110' title='bbox 209 1312 378 1363; x_wconf 77' lang='grc' dir='ltr'><em>ἄλλον</em></span> <span class='ocrx_word' id='word_1_111' title='bbox 422 1311 547 1363; x_wconf 83' lang='grc' dir='ltr'><em>τινὰ</em></span> <span class='ocrx_word' id='word_1_112' title='bbox 593 1309 910 1380; x_wconf 84' lang='grc' dir='ltr'><em>ἀνθρώπων</em></span> <span class='ocrx_word' id='word_1_113' title='bbox 957 1308 1031 1363; x_wconf 82' lang='grc' dir='ltr'><em>δι’</em></span> <span class='ocrx_word' id='word_1_114' title='bbox 1074 1309 1208 1363; x_wconf 86' lang='grc' dir='ltr'><em>ὁδοῦ</em></span> <span class='ocrx_word' id='word_1_115' title='bbox 1247 1312 1496 1381; x_wconf 86' lang='grc' dir='ltr'><em>τραχείας</em></span> <span class='ocrx_word' id='word_1_116' title='bbox 1536 1309 1625 1363; x_wconf 83' lang='grc' dir='ltr'><em>ἐπὶ</em></span> <span class='ocrx_word' id='word_1_117' title='bbox 1662 1312 1839 1379; x_wconf 85' lang='grc' dir='ltr'><em>γλυκὺ</em></span> <span class='ocrx_word' id='word_1_118' title='bbox 1881 1308 1887 1382; x_wconf 80' lang='grc' dir='ltr'>Ι</span> 
     </span>
    </p>

    <p class='ocr_par' dir='ltr' id='par_1_3' title="bbox 119 1394 1893 2003">
     <span class='ocr_line' id='line_1_15' title="bbox 119 1394 1892 1469; baseline -0.002 -14"><span class='ocrx_word' id='word_1_119' title='bbox 119 1413 162 1456; x_wconf 86' lang='lat' dir='ltr'>R</span> <span class='ocrx_word' id='word_1_120' title='bbox 183 1416 237 1455; x_wconf 82' lang='lat'><em>27</em></span> <span class='ocrx_word' id='word_1_121' title='bbox 270 1398 439 1468; x_wconf 85' lang='grc' dir='ltr'><em>τέρμα</em></span> <span class='ocrx_word' id='word_1_122' title='bbox 477 1401 790 1468; x_wconf 87' lang='grc' dir='ltr'><em>προήγαγεν</em></span> <span class='ocrx_word' id='word_1_123' title='bbox 827 1398 860 1467; x_wconf 84' lang='grc' dir='ltr'>ἡ</span> <span class='ocrx_word' id='word_1_124' title='bbox 899 1400 1048 1468; x_wconf 90' lang='grc' dir='ltr'><em>θεός,</em></span> <span class='ocrx_word' id='word_1_125' title='bbox 1089 1398 1223 1469; x_wconf 82' lang='grc' dir='ltr'><em>ἀτάρ</em></span> <span class='ocrx_word' id='word_1_126' title='bbox 1257 1394 1362 1452; x_wconf 80' lang='grc' dir='ltr'><em>οὖν</em></span> <span class='ocrx_word' id='word_1_127' title='bbox 1389 1399 1480 1452; x_wconf 82' lang='grc' dir='ltr'><em>καὶ</em></span> <span class='ocrx_word' id='word_1_128' title='bbox 1512 1397 1606 1466; x_wconf 79' lang='grc' dir='ltr'><em>ἐμὲ</em></span> <span class='ocrx_word' id='word_1_129' title='bbox 1635 1401 1768 1452; x_wconf 94' lang='grc' dir='ltr'><em>τότε.</em></span> <span class='ocrx_word' id='word_1_130' title='bbox 1818 1399 1892 1462; x_wconf 80' lang='grc' dir='ltr'><em>ὡς</em></span> 
     </span>
     <span class='ocr_line' id='line_1_16' title="bbox 142 1482 1892 1558; baseline -0.001 -15"><span class='ocrx_word' id='word_1_131' title='bbox 142 1509 184 1543; x_wconf 79' lang='lat'><em>15</em></span> <span class='ocrx_word' id='word_1_132' title='bbox 209 1488 312 1557; x_wconf 81' lang='grc' dir='ltr'><em>γὰρ</em></span> <span class='ocrx_word' id='word_1_133' title='bbox 346 1488 412 1555; x_wconf 86' lang='grc' dir='ltr'><em>δὴ</em></span> <span class='ocrx_word' id='word_1_134' title='bbox 441 1482 706 1556; x_wconf 85' lang='grc' dir='ltr'><em>ἐνέβαλον</em></span> <span class='ocrx_word' id='word_1_135' title='bbox 731 1488 807 1550; x_wconf 86' lang='grc' dir='ltr'><em>εἰς</em></span> <span class='ocrx_word' id='word_1_136' title='bbox 838 1488 939 1556; x_wconf 85' lang='grc' dir='ltr'><em>τὴν</em></span> <span class='ocrx_word' id='word_1_137' title='bbox 970 1487 1196 1557; x_wconf 79' lang='grc' dir='ltr'><em>ἀγοράν,</em></span> <span class='ocrx_word' id='word_1_138' title='bbox 1229 1487 1337 1558; x_wconf 84' lang='grc' dir='ltr'><em>ὁρῶ</em></span> <span class='ocrx_word' id='word_1_139' title='bbox 1369 1507 1494 1541; x_wconf 89' lang='grc' dir='ltr'><em>τινα</em></span> <span class='ocrx_word' id='word_1_140' title='bbox 1517 1489 1892 1558; x_wconf 81' lang='grc' dir='ltr'><em>Καππαδόκην</em></span> 
     </span>
     <span class='ocr_line' id='line_1_17' title="bbox 207 1574 1893 1646; baseline 0 -17"><span class='ocrx_word' id='word_1_141' title='bbox 207 1577 411 1645; x_wconf 75' lang='grc' dir='ltr'><em>ἥκοντα</em></span> <span class='ocrx_word' id='word_1_142' title='bbox 450 1574 539 1629; x_wconf 84' lang='grc' dir='ltr'><em>ἐπὶ</em></span> <span class='ocrx_word' id='word_1_143' title='bbox 576 1577 791 1646; x_wconf 83' lang='grc' dir='ltr'><em>θρόνον</em></span> <span class='ocrx_word' id='word_1_144' title='bbox 829 1575 1094 1644; x_wconf 86' lang='grc' dir='ltr'><em>βασιλέως</em></span> <span class='ocrx_word' id='word_1_145' title='bbox 1123 1575 1447 1645; x_wconf 80' lang='grc' dir='ltr'><em>πέμποντος,</em></span> <span class='ocrx_word' id='word_1_146' title='bbox 1478 1577 1569 1630; x_wconf 83' lang='grc' dir='ltr'><em>καὶ</em></span> <span class='ocrx_word' id='word_1_147' title='bbox 1599 1577 1704 1646; x_wconf 76' lang='grc' dir='ltr'><em>γὰρ</em></span> <span class='ocrx_word' id='word_1_148' title='bbox 1738 1575 1893 1645; x_wconf 84' lang='grc' dir='ltr'><em>ἐτύγ-</em></span> 
     </span>
     <span class='ocr_line' id='line_1_18' title="bbox 208 1663 1890 1735; baseline 0.001 -17"><span class='ocrx_word' id='word_1_149' title='bbox 208 1684 374 1734; x_wconf 89' lang='grc' dir='ltr'><em>χανεν</em></span> <span class='ocrx_word' id='word_1_150' title='bbox 410 1664 443 1733; x_wconf 80' lang='grc' dir='ltr'>ἡ</span> <span class='ocrx_word' id='word_1_151' title='bbox 483 1666 657 1733; x_wconf 85' lang='grc' dir='ltr'><em>βουλὴ</em></span> <span class='ocrx_word' id='word_1_152' title='bbox 703 1665 802 1718; x_wconf 91' lang='grc' dir='ltr'><em>τὸν</em></span> <span class='ocrx_word' id='word_1_153' title='bbox 841 1665 1018 1734; x_wconf 80' lang='grc' dir='ltr'><em>ἄνδρα</em></span> <span class='ocrx_word' id='word_1_154' title='bbox 1063 1663 1318 1734; x_wconf 81' lang='grc' dir='ltr'><em>ᾐτηκυῖα,</em></span> <span class='ocrx_word' id='word_1_155' title='bbox 1371 1665 1574 1735; x_wconf 78' lang='grc' dir='ltr'><em>ῥήτορα</em></span> <span class='ocrx_word' id='word_1_156' title='bbox 1625 1667 1799 1734; x_wconf 79' lang='grc' dir='ltr'><em>ἄκρον</em></span> <span class='ocrx_word' id='word_1_157' title='bbox 1837 1665 1890 1730; x_wconf 82' lang='grc' dir='ltr'><em>ἐξ</em></span> 
     </span>
     <span class='ocr_line' id='line_1_19' title="bbox 209 1750 1893 1823; baseline 0 -16"><span class='ocrx_word' id='word_1_158' title='bbox 209 1750 361 1821; x_wconf 83' lang='grc' dir='ltr'><em>οἶμαί</em></span> <span class='ocrx_word' id='word_1_159' title='bbox 397 1762 548 1816; x_wconf 90' lang='grc' dir='ltr'><em>τινος</em></span> <span class='ocrx_word' id='word_1_160' title='bbox 587 1753 800 1821; x_wconf 84' lang='grc' dir='ltr'><em>ἀγῶνος</em></span> <span class='ocrx_word' id='word_1_161' title='bbox 838 1753 960 1816; x_wconf 79' lang='grc' dir='ltr'><em>ἑνὸς</em></span> <span class='ocrx_word' id='word_1_162' title='bbox 999 1752 1345 1822; x_wconf 81' lang='grc' dir='ltr'><em>αἰτησαμένη.</em></span> <span class='ocrx_word' id='word_1_163' title='bbox 1399 1753 1428 1806; x_wconf 86' lang='grc' dir='ltr'>ὁ</span> <span class='ocrx_word' id='word_1_164' title='bbox 1460 1754 1562 1823; x_wconf 82' lang='grc' dir='ltr'><em>μὲν</em></span> <span class='ocrx_word' id='word_1_165' title='bbox 1596 1754 1662 1823; x_wconf 87' lang='grc' dir='ltr'><em>δὴ</em></span> <span class='ocrx_word' id='word_1_166' title='bbox 1696 1755 1893 1823; x_wconf 86' lang='grc' dir='ltr'><em>σεμνὸς</em></span> 
     </span>
     <span class='ocr_line' id='line_1_20' title="bbox 209 1838 1890 1912; baseline 0.001 -17"><span class='ocrx_word' id='word_1_167' title='bbox 209 1852 419 1911; x_wconf 84' lang='grc' dir='ltr'><em>σεμνῶς</em></span> <span class='ocrx_word' id='word_1_168' title='bbox 466 1843 725 1911; x_wconf 82' lang='grc' dir='ltr'><em>εἱστήκει,</em></span> <span class='ocrx_word' id='word_1_169' title='bbox 771 1844 940 1910; x_wconf 85' lang='grc' dir='ltr'><em>γνοὺς</em></span> <span class='ocrx_word' id='word_1_170' title='bbox 990 1838 1051 1895; x_wconf 72' lang='grc' dir='ltr'><em>δὲ</em></span> <span class='ocrx_word' id='word_1_171' title='bbox 1101 1840 1208 1910; x_wconf 85' lang='grc' dir='ltr'><em>ἐγὼ</em></span> <span class='ocrx_word' id='word_1_172' title='bbox 1263 1842 1410 1912; x_wconf 86' lang='grc' dir='ltr'><em>παρά</em></span> <span class='ocrx_word' id='word_1_173' title='bbox 1463 1862 1562 1895; x_wconf 92' lang='grc' dir='ltr'><em>του</em></span> <span class='ocrx_word' id='word_1_174' title='bbox 1617 1842 1890 1912; x_wconf 90' lang='grc' dir='ltr'><em>γέροντος,</em></span> 
     </span>
     <span class='ocr_line' id='line_1_21' title="bbox 143 1929 1890 2003; baseline -0.001 -18"><span class='ocrx_word' id='word_1_175' title='bbox 143 1955 186 1986; x_wconf 77' lang='lat'><em>20</em></span> <span class='ocrx_word' id='word_1_176' title='bbox 210 1931 356 1994; x_wconf 81' lang='grc' dir='ltr'><em>ὅστις</em></span> <span class='ocrx_word' id='word_1_177' title='bbox 400 1950 458 1984; x_wconf 89' lang='grc' dir='ltr'><em>τε</em></span> <span class='ocrx_word' id='word_1_178' title='bbox 504 1931 586 1999; x_wconf 81' lang='grc' dir='ltr'><em>εἴη</em></span> <span class='ocrx_word' id='word_1_179' title='bbox 633 1931 722 1984; x_wconf 84' lang='grc' dir='ltr'><em>καὶ</em></span> <span class='ocrx_word' id='word_1_180' title='bbox 769 1931 906 1984; x_wconf 86' lang='grc' dir='ltr'><em>ὅθεν</em></span> <span class='ocrx_word' id='word_1_181' title='bbox 955 1932 1045 1984; x_wconf 83' lang='grc' dir='ltr'><em>καὶ</em></span> <span class='ocrx_word' id='word_1_182' title='bbox 1086 1932 1230 1993; x_wconf 84' lang='grc' dir='ltr'><em>ὅπως</em></span> <span class='ocrx_word' id='word_1_183' title='bbox 1269 1932 1360 1984; x_wconf 86' lang='grc' dir='ltr'><em>καὶ</em></span> <span class='ocrx_word' id='word_1_184' title='bbox 1401 1929 1486 2000; x_wconf 85' lang='grc' dir='ltr'><em>ἐφ’</em></span> <span class='ocrx_word' id='word_1_185' title='bbox 1534 1931 1638 2003; x_wconf 78' lang='grc' dir='ltr'><em>ὅτῳ</em></span> <span class='ocrx_word' id='word_1_186' title='bbox 1677 1934 1890 2001; x_wconf 85' lang='grc' dir='ltr'><em>παρείη,</em></span> 
     </span>
    </p>
   </div>
   <div class='ocr_carea' id='block_1_3' title="bbox 209 2029 562 2034">
    <p class='ocr_par' dir='ltr' id='par_1_4' title="bbox 209 2029 562 2034">
     <span class='ocr_line' id='line_1_22' title="bbox 209 2029 562 2034; baseline 0 0"><span class='ocrx_word' id='word_1_187' title='bbox 209 2029 562 2034; x_wconf 95' lang='lat' dir='ltr'><em> </em></span> 
     </span>
    </p>
   </div>
   <div class='ocr_carea' id='block_1_4' title="bbox 330 2076 593 2132">
    <p class='ocr_par' dir='ltr' id='par_1_5' title="bbox 330 2076 593 2132">
     <span class='ocr_line' id='line_1_23' title="bbox 330 2076 593 2132; baseline 0 -13"><span class='ocrx_word' id='word_1_188' title='bbox 330 2081 355 2119; x_wconf 85' lang='grc'><strong>3</strong></span> <span class='ocrx_word' id='word_1_189' title='bbox 389 2090 458 2132; x_wconf 80' lang='lat' dir='ltr'><em>ep.</em></span> <span class='ocrx_word' id='word_1_190' title='bbox 486 2076 593 2120; x_wconf 80' lang='lat'><strong>672¹&gt;</strong></span> 
     </span>
    </p>
   </div>
   <div class='ocr_carea' id='block_1_5' title="bbox 211 2156 564 2160">
    <p class='ocr_par' dir='ltr' id='par_1_6' title="bbox 211 2156 564 2160">
     <span class='ocr_line' id='line_1_24' title="bbox 211 2156 564 2160; baseline 0 0"><span class='ocrx_word' id='word_1_191' title='bbox 211 2156 564 2160; x_wconf 95' lang='lat' dir='ltr'><em> </em></span> 
     </span>
    </p>
   </div>
   <div class='ocr_carea' id='block_1_6' title="bbox 211 2187 1890 2370">
    <p class='ocr_par' dir='ltr' id='par_1_7' title="bbox 211 2187 1890 2370">
     <span class='ocr_line' id='line_1_25' title="bbox 328 2187 1889 2253; baseline -0.001 -14"><span class='ocrx_word' id='word_1_192' title='bbox 328 2201 355 2238; x_wconf 89' lang='grc'>4</span> <span class='ocrx_word' id='word_1_193' title='bbox 388 2192 549 2253; x_wconf 83' lang='grc' dir='ltr'><em>αὖθις]</em></span> <span class='ocrx_word' id='word_1_194' title='bbox 583 2193 798 2251; x_wconf 85' lang='grc' dir='ltr'><em>δηλονότι</em></span> <span class='ocrx_word' id='word_1_195' title='bbox 829 2194 894 2244; x_wconf 87' lang='grc' dir='ltr'><em>εἰς</em></span> <span class='ocrx_word' id='word_1_196' title='bbox 922 2194 1008 2251; x_wconf 87' lang='grc' dir='ltr'><em>τὴν</em></span> <span class='ocrx_word' id='word_1_197' title='bbox 1039 2192 1396 2239; x_wconf 83' lang='grc' dir='ltr'><em>Κωνσταντίνου</em></span> <span class='ocrx_word' id='word_1_198' title='bbox 1423 2193 1513 2251; x_wconf 67' lang='lat' dir='ltr'><em>Vs}</em></span> <span class='ocrx_word' id='word_1_199' title='bbox 1547 2192 1683 2253; x_wconf 77' lang='grc' dir='ltr'><em>λόγῳ]</em></span> <span class='ocrx_word' id='word_1_200' title='bbox 1718 2187 1753 2253; x_wconf 80' lang='grc' dir='ltr'><em>ᾧ</em></span> <span class='ocrx_word' id='word_1_201' title='bbox 1779 2193 1889 2238; x_wconf 78' lang='grc' dir='ltr'><em>ὑπέ-</em></span> 
     </span>
     <span class='ocr_line' id='line_1_26' title="bbox 212 2252 1890 2313; baseline -0.001 -15"><span class='ocrx_word' id='word_1_202' title='bbox 212 2269 341 2313; x_wconf 88' lang='grc' dir='ltr'><em>σχετο</em></span> <span class='ocrx_word' id='word_1_203' title='bbox 373 2257 598 2298; x_wconf 80' lang='grc' dir='ltr'><em>Νικοκλεῖ</em></span> <span class='ocrx_word' id='word_1_204' title='bbox 620 2253 682 2297; x_wconf 72' lang='lat' dir='ltr'><em>V‘</em></span> <span class='ocrx_word' id='word_1_205' title='bbox 800 2258 824 2296; x_wconf 87' lang='lat'>5</span> <span class='ocrx_word' id='word_1_206' title='bbox 843 2268 908 2308; x_wconf 81' lang='lat' dir='ltr'><em>sq.</em></span> <span class='ocrx_word' id='word_1_207' title='bbox 943 2254 998 2297; x_wconf 83' lang='grc' dir='ltr'><em>οὐ</em></span> <span class='ocrx_word' id='word_1_208' title='bbox 1031 2253 1111 2298; x_wconf 80' lang='grc' dir='ltr'><em>διὰ</em></span> <span class='ocrx_word' id='word_1_209' title='bbox 1140 2252 1331 2298; x_wconf 76' lang='grc' dir='ltr'><em>πάντων</em></span> <span class='ocrx_word' id='word_1_210' title='bbox 1361 2260 1507 2298; x_wconf 84' lang='grc' dir='ltr'><em>ταῦτα</em></span> <span class='ocrx_word' id='word_1_211' title='bbox 1526 2254 1569 2298; x_wconf 92' lang='lat' dir='ltr'><strong><em>V</em></strong></span> <span class='ocrx_word' id='word_1_212' title='bbox 1681 2257 1707 2296; x_wconf 92' lang='lat'>8</span> <span class='ocrx_word' id='word_1_213' title='bbox 1740 2252 1890 2297; x_wconf 78' lang='grc' dir='ltr'><em>αἴτιον</em></span> 
     </span>
     <span class='ocr_line' id='line_1_27' title="bbox 211 2310 1404 2370; baseline -0.001 -13"><span class='ocrx_word' id='word_1_214' title='bbox 211 2312 449 2370; x_wconf 84' lang='grc' dir='ltr'><em>νομιστέον</em></span> <span class='ocrx_word' id='word_1_215' title='bbox 469 2312 531 2358; x_wconf 73' lang='lat' dir='ltr'><em>Vf</em></span> <span class='ocrx_word' id='word_1_216' title='bbox 619 2318 672 2356; x_wconf 83' lang='lat'><em>12</em></span> <span class='ocrx_word' id='word_1_217' title='bbox 705 2312 898 2370; x_wconf 88' lang='grc' dir='ltr'><em>μέλλειν]</em></span> <span class='ocrx_word' id='word_1_218' title='bbox 933 2311 1104 2366; x_wconf 83' lang='grc' dir='ltr'><em>ἐξιέναι</em></span> <span class='ocrx_word' id='word_1_219' title='bbox 1129 2310 1343 2369; x_wconf 81' lang='grc' dir='ltr'><em>δηλονότι</em></span> <span class='ocrx_word' id='word_1_220' title='bbox 1361 2313 1404 2356; x_wconf 92' lang='lat' dir='ltr'><strong><em>V</em></strong></span> 
     </span>
    </p>
   </div>
   <div class='ocr_carea' id='block_1_7' title="bbox 212 2399 564 2404">
    <p class='ocr_par' dir='ltr' id='par_1_8' title="bbox 212 2399 564 2404">
     <span class='ocr_line' id='line_1_28' title="bbox 212 2399 564 2404; baseline 0 0"><span class='ocrx_word' id='word_1_221' title='bbox 212 2399 564 2404; x_wconf 95' lang='lat' dir='ltr'><em> </em></span> 
     </span>
    </p>
   </div>
   <div class='ocr_carea' id='block_1_8' title="bbox 213 2444 1892 2971">
    <p class='ocr_par' dir='ltr' id='par_1_9' title="bbox 213 2444 1892 2971">
     <span class='ocr_line' id='line_1_29' title="bbox 330 2444 1892 2490; baseline -0.001 -1"><span class='ocrx_word' id='word_1_222' title='bbox 330 2450 355 2489; x_wconf 83' lang='lat'>5</span> <span class='ocrx_word' id='word_1_223' title='bbox 387 2446 554 2490; x_wconf 87' lang='grc' dir='ltr'><em>τούτου</em></span> <span class='ocrx_word' id='word_1_224' title='bbox 578 2447 623 2489; x_wconf 89' lang='grc' dir='ltr'><strong><em>Β</em></strong></span> <span class='ocrx_word' id='word_1_225' title='bbox 656 2447 703 2489; x_wconf 65' lang='grc'><em>613</em></span> <span class='ocrx_word' id='word_1_226' title='bbox 735 2458 758 2488; x_wconf 88' lang='grc'>6</span> <span class='ocrx_word' id='word_1_227' title='bbox 789 2452 924 2490; x_wconf 85' lang='grc' dir='ltr'><em>τοῦτο</em></span> <span class='ocrx_word' id='word_1_228' title='bbox 958 2459 1068 2488; x_wconf 80' lang='lat' dir='ltr'>corr.</span> <span class='ocrx_word' id='word_1_229' title='bbox 1096 2444 1160 2488; x_wconf 80' lang='lat' dir='ltr'><em>P²</em></span> <span class='ocrx_word' id='word_1_230' title='bbox 1192 2447 1239 2488; x_wconf 71' lang='lat' dir='ltr'><em>et</em></span> <span class='ocrx_word' id='word_1_231' title='bbox 1261 2445 1330 2488; x_wconf 82' lang='lat' dir='ltr'><em>Re</em></span> <span class='ocrx_word' id='word_1_232' title='bbox 1407 2451 1543 2488; x_wconf 87' lang='grc' dir='ltr'><em>τοῦτο</em></span> <span class='ocrx_word' id='word_1_233' title='bbox 1567 2444 1750 2488; x_wconf 84' lang='lat' dir='ltr'><strong><em>AOVL</em></strong></span> <span class='ocrx_word' id='word_1_234' title='bbox 1780 2444 1892 2487; x_wconf 83' lang='lat' dir='ltr'>Ferr</span> 
     </span>
     <span class='ocr_line' id='line_1_30' title="bbox 213 2502 1887 2562; baseline -0.001 -15"><span class='ocrx_word' id='word_1_235' title='bbox 213 2504 315 2548; x_wconf 91' lang='lat' dir='ltr'><em>Mor</em></span> <span class='ocrx_word' id='word_1_236' title='bbox 341 2505 346 2562; x_wconf 89' lang='grc' dir='ltr'>Ι</span> <span class='ocrx_word' id='word_1_237' title='bbox 380 2505 432 2548; x_wconf 89' lang='grc' dir='ltr'><em>τὸ</em></span> <span class='ocrx_word' id='word_1_238' title='bbox 453 2506 496 2548; x_wconf 91' lang='lat' dir='ltr'><em>V</em></span> <span class='ocrx_word' id='word_1_239' title='bbox 524 2507 529 2560; x_wconf 86' lang='grc' dir='ltr'>Ι</span> <span class='ocrx_word' id='word_1_240' title='bbox 558 2503 681 2556; x_wconf 82' lang='grc' dir='ltr'><em>νέοις</em></span> <span class='ocrx_word' id='word_1_241' title='bbox 699 2506 767 2560; x_wconf 72' lang='lat' dir='ltr'><em>V!</em></span> <span class='ocrx_word' id='word_1_242' title='bbox 795 2521 842 2548; x_wconf 86' lang='grc' dir='ltr'><em>τε</em></span> <span class='ocrx_word' id='word_1_243' title='bbox 873 2519 947 2548; x_wconf 87' lang='lat' dir='ltr'><em>om</em></span> <span class='ocrx_word' id='word_1_244' title='bbox 972 2505 1097 2561; x_wconf 64' lang='lat' dir='ltr'><em>BV!</em></span> <span class='ocrx_word' id='word_1_245' title='bbox 1125 2504 1382 2548; x_wconf 80' lang='grc' dir='ltr'><em>ἐπιστατεῖν</em></span> <span class='ocrx_word' id='word_1_246' title='bbox 1415 2516 1469 2546; x_wconf 83' lang='lat' dir='ltr'><em>ex</em></span> <span class='ocrx_word' id='word_1_247' title='bbox 1500 2502 1746 2559; x_wconf 76' lang='grc' dir='ltr'><em>ἐπιστάτην</em></span> <span class='ocrx_word' id='word_1_248' title='bbox 1777 2517 1887 2546; x_wconf 86' lang='lat' dir='ltr'><strong>corr.</strong></span> 
     </span>
     <span class='ocr_line' id='line_1_31' title="bbox 213 2562 1891 2618; baseline 0 -12"><span class='ocrx_word' id='word_1_249' title='bbox 213 2578 271 2606; x_wconf 90' lang='lat' dir='ltr'><em>m.</em></span> <span class='ocrx_word' id='word_1_250' title='bbox 290 2576 377 2606; x_wconf 83' lang='lat' dir='ltr'>rec.</span> <span class='ocrx_word' id='word_1_251' title='bbox 396 2565 441 2607; x_wconf 89' lang='lat' dir='ltr'><strong><em>A</em></strong></span> <span class='ocrx_word' id='word_1_252' title='bbox 534 2568 558 2606; x_wconf 90' lang='lat'>6</span> <span class='ocrx_word' id='word_1_253' title='bbox 591 2564 670 2606; x_wconf 84' lang='grc' dir='ltr'><em>καὶ</em></span> <span class='ocrx_word' id='word_1_254' title='bbox 701 2563 826 2618; x_wconf 86' lang='lat' dir='ltr'><strong>quod</strong></span> <span class='ocrx_word' id='word_1_255' title='bbox 855 2565 925 2607; x_wconf 75' lang='lat' dir='ltr'><em>est</em></span> <span class='ocrx_word' id='word_1_256' title='bbox 947 2563 996 2606; x_wconf 91' lang='lat' dir='ltr'><em>in</em></span> <span class='ocrx_word' id='word_1_257' title='bbox 1019 2562 1151 2605; x_wconf 83' lang='lat' dir='ltr'>libris</span> <span class='ocrx_word' id='word_1_258' title='bbox 1175 2563 1283 2618; x_wconf 75' lang='lat' dir='ltr'><strong>post</strong></span> <span class='ocrx_word' id='word_1_259' title='bbox 1306 2562 1579 2616; x_wconf 84' lang='grc' dir='ltr'><em>ἐπιστατεῖν,</em></span> <span class='ocrx_word' id='word_1_260' title='bbox 1603 2563 1709 2618; x_wconf 79' lang='lat' dir='ltr'>post</span> <span class='ocrx_word' id='word_1_261' title='bbox 1733 2562 1891 2606; x_wconf 83' lang='grc' dir='ltr'><em>ἔθνεσι</em></span> 
     </span>
     <span class='ocr_line' id='line_1_32' title="bbox 214 2617 1817 2680; baseline -0.001 -15"><span class='ocrx_word' id='word_1_262' title='bbox 214 2622 478 2678; x_wconf 74' lang='lat' dir='ltr'>transposui</span> <span class='ocrx_word' id='word_1_263' title='bbox 624 2627 646 2664; x_wconf 82' lang='lat'><strong>7</strong></span> <span class='ocrx_word' id='word_1_264' title='bbox 681 2618 763 2680; x_wconf 87' lang='grc' dir='ltr'><em>ὧν]</em></span> <span class='ocrx_word' id='word_1_265' title='bbox 798 2620 856 2666; x_wconf 77' lang='grc' dir='ltr'><em>ἂν</em></span> <span class='ocrx_word' id='word_1_266' title='bbox 889 2623 932 2666; x_wconf 90' lang='lat' dir='ltr'><em>L</em></span> <span class='ocrx_word' id='word_1_267' title='bbox 1023 2617 1087 2665; x_wconf 83' lang='grc' dir='ltr'><em>ὧν</em></span> <span class='ocrx_word' id='word_1_268' title='bbox 1119 2619 1177 2664; x_wconf 75' lang='grc' dir='ltr'><em>ἂν</em></span> <span class='ocrx_word' id='word_1_269' title='bbox 1208 2620 1310 2664; x_wconf 87' lang='lat' dir='ltr'><em>Mor</em></span> <span class='ocrx_word' id='word_1_270' title='bbox 1453 2617 1625 2678; x_wconf 33' lang='lat'><em>115113]</em></span> <span class='ocrx_word' id='word_1_271' title='bbox 1659 2619 1717 2663; x_wconf 76' lang='grc' dir='ltr'><em>ἂν</em></span> <span class='ocrx_word' id='word_1_272' title='bbox 1748 2621 1817 2664; x_wconf 79' lang='lat' dir='ltr'><em>Re</em></span> 
     </span>
     <span class='ocr_line' id='line_1_33' title="bbox 217 2679 1886 2738; baseline -0.001 -14"><span class='ocrx_word' id='word_1_273' title='bbox 217 2685 270 2724; x_wconf 84' lang='lat'><em>12</em></span> <span class='ocrx_word' id='word_1_274' title='bbox 303 2679 455 2737; x_wconf 88' lang='grc' dir='ltr'><em>μένειν</em></span> <span class='ocrx_word' id='word_1_275' title='bbox 487 2680 555 2723; x_wconf 78' lang='lat' dir='ltr'><em>Re</em></span> <span class='ocrx_word' id='word_1_276' title='bbox 586 2680 724 2723; x_wconf 88' lang='lat' dir='ltr'><strong>Anim</strong></span> <span class='ocrx_word' id='word_1_277' title='bbox 799 2680 975 2736; x_wconf 81' lang='grc' dir='ltr'><em>μέλλειν</em></span> <span class='ocrx_word' id='word_1_278' title='bbox 1005 2680 1115 2723; x_wconf 88' lang='lat' dir='ltr'>libri</span> <span class='ocrx_word' id='word_1_279' title='bbox 1146 2681 1193 2723; x_wconf 70' lang='lat' dir='ltr'><em>et</em></span> <span class='ocrx_word' id='word_1_280' title='bbox 1224 2680 1314 2723; x_wconf 83' lang='lat' dir='ltr'><em>edd</em></span> <span class='ocrx_word' id='word_1_281' title='bbox 1435 2683 1489 2722; x_wconf 90' lang='lat'><em>13</em></span> <span class='ocrx_word' id='word_1_282' title='bbox 1522 2679 1780 2735; x_wconf 79' lang='grc' dir='ltr'><em>ἄνθρωπον</em></span> <span class='ocrx_word' id='word_1_283' title='bbox 1803 2680 1847 2723; x_wconf 86' lang='lat' dir='ltr'><em>L</em></span> <span class='ocrx_word' id='word_1_284' title='bbox 1881 2680 1886 2738; x_wconf 90' lang='grc' dir='ltr'>Ι</span> 
     </span>
     <span class='ocr_line' id='line_1_34' title="bbox 215 2737 1890 2797; baseline -0.001 -13"><span class='ocrx_word' id='word_1_285' title='bbox 215 2737 279 2784; x_wconf 80' lang='grc' dir='ltr'><em>δι’</em></span> <span class='ocrx_word' id='word_1_286' title='bbox 310 2738 423 2784; x_wconf 80' lang='grc' dir='ltr'><em>ὁδοῦ</em></span> <span class='ocrx_word' id='word_1_287' title='bbox 453 2737 669 2797; x_wconf 83' lang='grc' dir='ltr'><em>τραχείας</em></span> <span class='ocrx_word' id='word_1_288' title='bbox 700 2753 775 2782; x_wconf 90' lang='lat' dir='ltr'><em>om</em></span> <span class='ocrx_word' id='word_1_289' title='bbox 799 2740 844 2782; x_wconf 91' lang='lat' dir='ltr'><em>B</em></span> <span class='ocrx_word' id='word_1_290' title='bbox 941 2744 996 2782; x_wconf 88' lang='grc'><em>14</em></span> <span class='ocrx_word' id='word_1_291' title='bbox 1027 2738 1174 2793; x_wconf 73' lang='grc' dir='ltr'><em>αὐτὰρ</em></span> <span class='ocrx_word' id='word_1_292' title='bbox 1199 2739 1372 2783; x_wconf 85' lang='grc' dir='ltr'><strong><em>ΑΟΡΒ</em></strong></span> <span class='ocrx_word' id='word_1_293' title='bbox 1403 2738 1502 2794; x_wconf 77' lang='lat' dir='ltr'>(sed</span> <span class='ocrx_word' id='word_1_294' title='bbox 1532 2738 1582 2781; x_wconf 90' lang='lat' dir='ltr'><em>in</em></span> <span class='ocrx_word' id='word_1_295' title='bbox 1611 2738 1699 2782; x_wconf 84' lang='lat' dir='ltr'><em>hoc</em></span> <span class='ocrx_word' id='word_1_296' title='bbox 1728 2755 1758 2782; x_wconf 90' lang='grc' dir='ltr'><em>υ</em></span> <span class='ocrx_word' id='word_1_297' title='bbox 1789 2751 1890 2782; x_wconf 82' lang='lat' dir='ltr'>era-</span> 
     </span>
     <span class='ocr_line' id='line_1_35' title="bbox 216 2796 1892 2855; baseline -0.001 -13"><span class='ocrx_word' id='word_1_298' title='bbox 216 2800 335 2855; x_wconf 79' lang='lat' dir='ltr'>sum)</span> <span class='ocrx_word' id='word_1_299' title='bbox 358 2798 468 2841; x_wconf 83' lang='lat' dir='ltr'><strong>Ferr</strong></span> <span class='ocrx_word' id='word_1_300' title='bbox 490 2798 558 2841; x_wconf 82' lang='lat' dir='ltr'><em>Re</em></span> <span class='ocrx_word' id='word_1_301' title='bbox 645 2802 697 2840; x_wconf 90' lang='grc'><em>18</em></span> <span class='ocrx_word' id='word_1_302' title='bbox 721 2814 847 2849; x_wconf 90' lang='grc' dir='ltr'><em>τινος</em></span> <span class='ocrx_word' id='word_1_303' title='bbox 870 2798 1050 2855; x_wconf 84' lang='grc' dir='ltr'><em>ἀγῶνος</em></span> <span class='ocrx_word' id='word_1_304' title='bbox 1073 2797 1194 2854; x_wconf 83' lang='grc' dir='ltr'><em>ἑνὸς]</em></span> <span class='ocrx_word' id='word_1_305' title='bbox 1228 2796 1332 2848; x_wconf 79' lang='grc' dir='ltr'><em>ἑνὸς</em></span> <span class='ocrx_word' id='word_1_306' title='bbox 1355 2797 1534 2854; x_wconf 85' lang='grc' dir='ltr'><em>ἀγῶνος</em></span> <span class='ocrx_word' id='word_1_307' title='bbox 1555 2798 1599 2841; x_wconf 89' lang='lat' dir='ltr'><em>L</em></span> <span class='ocrx_word' id='word_1_308' title='bbox 1684 2803 1738 2842; x_wconf 85' lang='lat'><em>19</em></span> <span class='ocrx_word' id='word_1_309' title='bbox 1762 2796 1892 2852; x_wconf 71' lang='grc' dir='ltr'><em>παρά</em></span> 
     </span>
     <span class='ocr_line' id='line_1_36' title="bbox 214 2855 1890 2912; baseline -0.001 -10"><span class='ocrx_word' id='word_1_310' title='bbox 214 2873 297 2902; x_wconf 91' lang='grc' dir='ltr'><em>του</em></span> <span class='ocrx_word' id='word_1_311' title='bbox 329 2870 354 2900; x_wconf 87' lang='grc'>6</span> <span class='ocrx_word' id='word_1_312' title='bbox 385 2856 513 2912; x_wconf 82' lang='grc' dir='ltr'><em>παρὰ</em></span> <span class='ocrx_word' id='word_1_313' title='bbox 543 2863 625 2901; x_wconf 84' lang='grc' dir='ltr'><em>τοῦ</em></span> <span class='ocrx_word' id='word_1_314' title='bbox 659 2870 759 2900; x_wconf 84' lang='lat' dir='ltr'>corr</span> <span class='ocrx_word' id='word_1_315' title='bbox 782 2858 827 2901; x_wconf 84' lang='lat' dir='ltr'><strong><em>A</em></strong></span> <span class='ocrx_word' id='word_1_316' title='bbox 850 2858 897 2900; x_wconf 73' lang='lat' dir='ltr'><em>et</em></span> <span class='ocrx_word' id='word_1_317' title='bbox 916 2858 977 2901; x_wconf 81' lang='lat' dir='ltr'><em>Vr</em></span> <span class='ocrx_word' id='word_1_318' title='bbox 1035 2855 1166 2911; x_wconf 83' lang='grc' dir='ltr'><em>παρὰ</em></span> <span class='ocrx_word' id='word_1_319' title='bbox 1195 2863 1277 2899; x_wconf 85' lang='grc' dir='ltr'><em>τοῦ</em></span> <span class='ocrx_word' id='word_1_320' title='bbox 1301 2857 1345 2900; x_wconf 92' lang='lat' dir='ltr'><strong><em>L</em></strong></span> <span class='ocrx_word' id='word_1_321' title='bbox 1368 2856 1478 2899; x_wconf 83' lang='lat' dir='ltr'><strong>Fen·</strong></span> <span class='ocrx_word' id='word_1_322' title='bbox 1501 2855 1603 2899; x_wconf 85' lang='lat' dir='ltr'><em>Mor</em></span> <span class='ocrx_word' id='word_1_323' title='bbox 1693 2860 1748 2900; x_wconf 85' lang='lat'><em>20</em></span> <span class='ocrx_word' id='word_1_324' title='bbox 1771 2872 1890 2910; x_wconf 82' lang='grc' dir='ltr'><em>παρ-</em></span> 
     </span>
     <span class='ocr_line' id='line_1_37' title="bbox 215 2915 542 2971; baseline -0.006 -11"><span class='ocrx_word' id='word_1_325' title='bbox 215 2915 287 2971; x_wconf 88' lang='grc' dir='ltr'><em>ήει</em></span> <span class='ocrx_word' id='word_1_326' title='bbox 316 2916 448 2960; x_wconf 85' lang='grc' dir='ltr'><em>ΑΟΡ</em></span> <span class='ocrx_word' id='word_1_327' title='bbox 475 2916 542 2959; x_wconf 77' lang='lat' dir='ltr'><em>Re</em></span> 
     </span>
    </p>
   </div>
  </div>
 </body>
</html>
