2026 3168
115 1838 138 1877 1

994 815 1035 870 Ι.

277 939 441 1002 Atque
475 955 650 1003 agmen
684 939 882 1001 quidem
913 955 1082 988 earum
1111 940 1213 988 iam
1243 942 1296 988 in
1329 941 1596 1004 archetypo
1621 941 1684 990 ad
1709 958 1854 1004 quem

172 1013 288 1061 libri
333 1013 492 1061 nostri
536 1013 758 1074 redeunt,
809 1013 1004 1062 duxisse
1049 1013 1193 1063 Βίον
1237 1011 1271 1079 ἢ
1317 1012 1450 1081 περὶ
1495 1020 1597 1078 τῆς
1641 1013 1855 1065 ἑαυτοῦ

171 1086 348 1152 τύχης
388 1089 520 1136 certo
559 1087 674 1135 inde
714 1088 951 1149 sequitur,
998 1088 1129 1150 quod
1166 1090 1219 1136 in
1257 1088 1397 1138 libris
1437 1088 1745 1138 diversarum
1782 1090 1854 1137 fa-

170 1161 423 1209 miliarum
470 1161 743 1224 principem
793 1162 956 1210 locum
1007 1162 1210 1211 obtinet.
1288 1161 1597 1225 Quamquam
1647 1164 1778 1212 enim
1827 1179 1856 1212 a

172 1235 491 1299 sexagenario
529 1236 777 1296 incohata,
816 1252 844 1283 a
884 1251 997 1284 sene
1029 1236 1276 1299 decrepito
1309 1236 1372 1284 ad
1404 1238 1589 1285 exitum
1619 1237 1857 1299 perducta

170 1311 302 1357 inter
347 1311 588 1359 extremos
634 1309 823 1373 ingenii
868 1310 971 1358 eius
1018 1311 1148 1359 fetus
1199 1327 1248 1360 se
1297 1326 1399 1360 esse
1448 1310 1636 1374 prodit,
1689 1313 1856 1359 tamen

172 1385 316 1446 quasi
352 1383 731 1432 introductionis
770 1383 961 1433 vicibus
999 1384 1226 1448 gerendis
1262 1385 1487 1434 omnibus
1517 1385 1722 1447 reliquis
1753 1401 1856 1434 ma-

171 1459 247 1522 gis
285 1457 463 1506 idonea
500 1459 608 1506 visa
647 1459 735 1506 est.

281 1531 457 1594 Itaque
498 1547 587 1595 ego
628 1547 824 1595 quoque
855 1534 913 1581 ut
943 1532 1061 1581 olim
1092 1533 1326 1582 Morellus
1359 1534 1408 1581 et
1438 1533 1665 1580 Reiskius
1695 1532 1854 1596 primo

171 1621 280 1654 eam
318 1605 529 1667 praebeo
568 1606 691 1653 loco.

284 1678 485 1728 Codices
538 1681 704 1728 autem
755 1680 934 1742 quibus
985 1681 1049 1728 ad
1097 1682 1317 1729 nostram
1368 1682 1581 1728 aetatem
1629 1681 1857 1743 pervenit

168 1753 223 1801 hi
261 1755 397 1802 sunt:

287 1830 331 1874 1.
374 1826 694 1876 Ghisianus
725 1828 770 1875 R
800 1827 873 1875 VI
902 1829 970 1876 43
1006 1821 1100 1894 (=
1135 1822 1194 1895 O)
1237 1827 1355 1877 olim
1393 1827 1719 1876 bibliothecae
1757 1844 1856 1877 non

172 1901 461 1963 capitularis
492 1902 865 1964 Avenionensis,
897 1903 955 1949 ut
993 1902 1119 1950 dixit
1151 1901 1523 1951 Siebenkeesius
1536 1895 1593 1968 1),
1633 1902 1718 1950 sed
1746 1901 1854 1950 Pic-

170 1975 471 2024 colomineae
494 1975 547 2022 in
568 1976 788 2023 Ecclesia
806 1975 1090 2024 Cathedrali
1109 1975 1312 2024 Senensi
1333 1977 1596 2038 repositae,
1622 1976 1854 2024 collectae

169 2049 305 2097 illius
338 2064 368 2096 a
398 2049 711 2111 pontificibus
743 2049 834 2098 Pio
865 2049 916 2098 II
955 2052 1005 2098 et
1042 2049 1133 2111 III,
1173 2050 1258 2112 qui
1289 2052 1436 2097 antea
1467 2050 1668 2098 fuerunt
1698 2049 1852 2097 cardi-

170 2123 307 2171 nales
323 2123 516 2171 Aeneas
543 2122 741 2185 Sylvius
767 2125 816 2171 et
838 2123 1127 2172 Franciscus
1152 2123 1486 2185 Piccolomini,
1512 2123 1685 2170 deinde
1710 2122 1855 2170 Fabii

172 2195 326 2244 Ghisii
364 2196 643 2258 cardinalis,
684 2198 770 2259 qui
799 2199 972 2259 postea
1002 2197 1100 2245 fuit
1130 2197 1352 2259 pontifex
1382 2197 1661 2245 Alexander
1686 2190 1852 2263 VH2),

292 2383 333 2438 1)
366 2380 432 2424 Cf.
458 2381 635 2435 Hafles,
668 2381 955 2426 Introductio
979 2382 1029 2426 in
1053 2381 1296 2426 historiam
1318 2381 1508 2438 linguae
1532 2393 1728 2438 graecae
1751 2382 1784 2424 t.
1809 2380 1853 2423 1²

172 2439 466 2497 (Altenburgi
492 2443 622 2498 1792)
653 2456 698 2497 p.
726 2446 793 2485 66.

291 2500 333 2555 2)
364 2498 546 2543 Indices
577 2500 742 2544 horum
775 2499 987 2544 codicum
1017 2499 1212 2556 praebet
1240 2499 1462 2555 Iosephus
1496 2497 1726 2555 Cugnoni,
1762 2497 1851 2541 Ae-

169 2570 286 2600 neae
327 2557 458 2600 Silvii
496 2557 798 2602 Piccolomini
837 2558 1050 2602 Senensis
1092 2571 1232 2614 opera
1269 2557 1449 2601 inedita
1488 2557 1605 2614 (Atti
1641 2556 1765 2600 della
1795 2556 1848 2599 R.

170 2615 339 2659 Accad.
367 2616 442 2659 dei
467 2616 625 2660 Lincei
657 2617 749 2660 Ser.
774 2617 849 2660 III.
898 2617 1120 2661 Memorie
1152 2616 1276 2660 della
1300 2617 1446 2660 classe
1471 2615 1520 2659 di
1545 2615 1731 2659 Scienze
1754 2629 1851 2659 mo-

170 2674 280 2728 rali,
322 2674 522 2718 storiche
554 2689 579 2718 e
610 2675 873 2732 filologiche
903 2675 1023 2730 VIII,
1062 2675 1212 2719 Roma
1238 2680 1350 2719 1883
1382 2691 1426 2731 p.
1458 2679 1563 2718 335:
1610 2675 1851 2719 Declama-

171 2735 314 2778 tiones
346 2734 541 2778 Libana·
577 2749 701 2792 yrece
740 2735 788 2778 et
824 2749 868 2791 p.
905 2739 1009 2778 337:
1051 2735 1112 2779 N.
1137 2737 1230 2778 212
1260 2734 1626 2778 Declamationes
1656 2733 1852 2777 Libana·

171 2794 220 2836 et
249 2807 293 2849 p.
328 2796 433 2835 338:
475 2793 686 2837 Librarii
717 2793 822 2851 [sic]
855 2794 1200 2837 declamationes
1228 2807 1404 2850 yraece,
1440 2793 1492 2836 in
1521 2792 1599 2846 fol.
1663 2791 1729 2836 Cf.
1762 2793 1851 2836 Ae-

171 2864 308 2895 neam
338 2850 654 2905 Piccolomini‚
689 2851 759 2895 De
793 2851 1030 2895 codicibus
1061 2851 1135 2895 Pii
1158 2851 1201 2894 11
1232 2853 1279 2895 et
1309 2851 1382 2894 Pii
1405 2850 1470 2893 ΠΙ
1501 2851 1651 2906 deque
1682 2850 1851 2895 biblio-

169 2910 308 2961 theca
339 2909 562 2954 ecclesiae
594 2909 884 2955 Cathedralis
918 2910 1146 2965 Senensis,
1180 2909 1310 2954 Senis
1337 2914 1450 2954 1900
1481 2924 1525 2966 p.
1553 2914 1579 2953 3
1597 2911 1694 2966 sq.).
