2026 3168
650 139 878 184 LIBANH
908 137 1250 183 ORATIONES
1686 137 1793 190 205

105 277 430 345 καταγωγὴν
475 276 567 329 καὶ
613 278 955 346 περιφόβους
999 267 1082 337 οἷς
1126 269 1267 342 ἦσαν
1314 275 1461 327 δίκαι
1502 281 1791 341 ποιοῦντα,

104 373 204 418 τοῦ
243 361 306 418 δὲ
345 364 675 435 ἁμαρτάνων
712 365 812 417 τὸν
849 364 1110 426 Μούσαις
1154 364 1383 432 ποιητὸν
1418 361 1479 416 ἐν
1518 364 1660 435 λόγῳ
1699 363 1790 415 καὶ
1813 362 1851 431 †

105 454 204 507 τὸν
250 455 344 507 διὰ
388 462 484 522 τῆς
529 454 764 524 γαστρὸς
811 453 1009 506 οὐσίαν
1047 453 1120 515 ὡς
1158 454 1418 520 πλείστην
1457 451 1790 520 ἀνηλωκότα,

107 546 278 607 ζῶντα
308 539 370 595 δὲ
398 540 459 595 ἐν
484 543 658 612 λύσσῃ
682 549 746 612 τῇ
771 540 886 594 κατ’
922 540 1056 608 ἐμοῦ
1089 540 1326 610 ἐλέγχων
1361 544 1366 605 Ι
1402 540 1697 609 ἀπήλασεν,
1727 553 1769 596 R
1795 557 1879 596 169

107 631 242 684 ὥστε
290 630 505 685 ἐκεῖνον
554 629 967 684 ταπεινωθέντα
1015 628 1196 699 μηκέτ’
1251 626 1391 683 εἶναι
1443 628 1505 682 ἐν
1553 630 1789 699 τοσαύτῃ
1838 650 1858 682 5

103 722 283 790 μανίᾳ.
360 719 464 773 κάν
510 728 626 782 τοῖς
672 718 918 782 ἐπαίνοις
962 727 1078 782 τοῖς
1129 720 1205 782 εἰς
1253 720 1351 771 τὸν
1383 717 1576 788 Ἴβηρα
1624 726 1788 772 τοῦτο
1812 718 1851 787 †

105 809 178 871 ὡς
221 808 480 878 μέγιστον
524 810 686 877 ἥδετο
733 809 896 871 αὐτός
940 828 998 861 τε
1045 809 1192 880 αὐτῷ
1226 811 1547 878 συγχαίρειν
1585 810 1791 877 ἔφασκε

104 898 316 950 τούτων
356 898 422 966 δὴ
462 907 574 951 τῶν
602 899 741 968 πρὸς
771 894 880 966 ἐμὲ,
911 898 1001 950 καὶ
1032 905 1202 950 ταῦτα
1233 897 1380 969 αὐτῷ
1405 904 1500 965 τῆς
1530 895 1791 966 τραπέζης

103 984 368 1039 ἐντεῦθεν
406 983 576 1039 οὐδὲν
614 986 912 1055 ἐπιδούσης
949 984 1075 1055 παρ’
1124 987 1308 1039 ἄλλων
1342 993 1506 1039 τοῦτο
1545 984 1789 1054 ἐχούσης.

105 1075 226 1128 283.
273 1076 410 1128 ἔστω
459 1076 527 1144 δὴ
573 1074 665 1128 καὶ
712 1082 876 1128 τοῦτο
922 1083 1016 1144 τῆς
1063 1073 1278 1142 ἀγαθῆς
1322 1075 1504 1143 τύχης,
1551 1071 1687 1127 ἔστω
1728 1070 1789 1126 δὲ
1814 1095 1857 1127 10

104 1162 323 1217 κάκεῖνο
372 1172 468 1233 τῆς
513 1164 692 1232 αὐτῆς.
776 1165 955 1216 καίτοι
1001 1182 1067 1232 με
1113 1163 1251 1232 πρὸς
1299 1163 1360 1215 τὸ
1407 1162 1643 1231 μέγεθος
1691 1163 1845 1232 τοῦῆ-

105 1251 372 1315 δοθέντος
421 1254 585 1315 ὄκνος
634 1254 744 1322 ἔχει
792 1252 892 1305 τὸν
949 1254 1128 1319 λόγον,
1205 1249 1322 1304 ἀλλ’
1380 1251 1548 1319 ὅμως,
1595 1252 1668 1314 ὡς
1715 1252 1789 1321 μὴ

104 1340 389 1408 ἀδικοῖμεν
441 1349 504 1411 τῇ
568 1349 743 1411 σιωπῇ
805 1342 905 1409 τὴν
958 1341 1186 1408 δοῦσαν,
1246 1339 1547 1408 τολμητέον
1600 1341 1788 1393 εἰπεῖν.

103 1431 399 1499 κατηφείας
437 1431 541 1500 γὰρ
581 1430 912 1498 κατεχούσης
943 1431 1072 1492 τοὺς
1103 1430 1304 1497 φίλους
1335 1427 1791 1498 ἐνθυμουμένους

102 1526 197 1587 τῆς
240 1520 533 1588 παροινίας
577 1526 673 1586 τῆς
717 1516 843 1587 περὶ
889 1518 987 1571 τὸν
1033 1520 1280 1587 Κίμωνα,
1327 1516 1454 1571 καθ’
1499 1518 1570 1586 ἣν
1616 1518 1788 1571 αὐτοῦ
1813 1540 1855 1572 15

102 1615 224 1659 τοῖν
262 1615 450 1677 χεροῖν
487 1607 748 1676 ἡρπάσθη
786 1607 847 1659 τὸ
893 1607 1257 1677 γραμμάτιον,
1305 1606 1334 1660 ὃ
1375 1606 1547 1659 αὐτὸν
1593 1605 1788 1676 ἐφίστη

221 1771 246 1810 2
278 1767 433 1810 locum
464 1780 564 1810 esse
596 1768 865 1823 corruptum
896 1769 943 1810 et
973 1767 1245 1811 lacunosum
1273 1781 1331 1810 ne
1355 1766 1570 1810 librarios
1596 1766 1788 1821 quidem

103 1825 240 1882 fugit,
272 1839 382 1870 nam
416 1827 453 1871 Ο
488 1825 538 1868 111
568 1840 703 1883 marg
732 1825 877 1870 habet
966 1827 1094 1875 ἀπω)
1124 1825 1311 1882 σφάλμα
1350 1824 1497 1871 κακόν
1535 1826 1586 1868 111
1617 1825 1787 1881 quibus

103 1885 305 1941 primum
334 1884 612 1929 vocabulum
643 1899 810 1941 parum
832 1885 1130 1942 perspicuum
1161 1885 1358 1929 fortasse
1389 1883 1610 1939 ἀπωτέρω
1643 1884 1786 1942 signi-

104 1944 212 1988 ficat
362 1949 386 1987 2
427 1944 510 1988 τὸν
542 1944 758 1994 Μούσαις
796 1945 990 2001 ποιητὸν
1022 1945 1112 1989 ΡΒ
1144 1947 1191 1988 et
1216 1946 1265 1998 V,
1306 1945 1356 1987 in
1391 1958 1482 2000 quo
1515 1960 1574 1987 m.
1607 1958 1697 1988 rec.
1731 1946 1786 2001 (r)

102 2010 194 2047 τῶν
226 2003 420 2059 μούσαις
450 2010 654 2059 ποιητῶν
687 2017 790 2047 corr
863 2011 944 2048 τοῦ
977 2004 1172 2060 μούσαις
1201 2004 1397 2071 ποιητὸν
1429 2004 1468 2048 C
1494 2004 1606 2047 Ferr
1679 2004 1786 2047 τού-

103 2063 190 2118 μὸν
215 2070 419 2118 ποιητῶν
443 2063 487 2105 L
546 2069 628 2106 τοῦ
653 2062 848 2117 μούσαις
871 2070 1075 2119 ποιητῶν
1100 2063 1246 2106 Ferr
1233 2078 1282 2106 111
1307 2077 1440 2120 marg
1463 2063 1566 2107 Mor
1649 2067 1674 2106 3
1705 2070 1787 2120 τῆς

104 2121 268 2178 scripsi
294 2135 319 2165 e
343 2123 386 2165 L
412 2123 466 2164 ut
491 2122 595 2165 coni
619 2121 721 2165 Mor
779 2138 828 2166 τε
858 2122 1027 2178 reliqui
1050 2122 1159 2166 libri
1185 2122 1275 2166 edd
1337 2122 1531 2179 γαστρὸς
1551 2121 1671 2224 ὅκαὶ
1693 2129 1786 2166 τῶν

102 2181 194 2224 ὑπὸ
218 2180 301 2236 τὴν
325 2179 558 2239 γαστέρα)
577 2177 742 2224 οὐσίαν
761 2180 906 2225 Cobet
928 2182 1097 2225 Mnem.
1114 2181 1177 2224 m
1194 2186 1293 2237 2543
1283 2181 1433 2226 ·V105
1459 2183 1531 2238 (=
1586 2181 1651 2225 011
1684 2183 1785 2238 101)

162 2244 188 2283 4
218 2241 326 2296 post
350 2241 459 2296 ἐμοῦ
489 2241 560 2283 est
582 2239 806 2294 λερευτὰ
793 2255 842 2283 111
865 2241 901 2283 P
926 2242 973 2284 et
996 2255 1101 2284 oum
1123 2254 1286 2284 rasura
1308 2240 1445 2284 unius
1469 2240 1656 2285 litterae
1679 2243 1788 2297 post

101 2299 231 2354 prius
256 2315 276 2342 ε
298 2299 347 2342 111
375 2299 421 2351 C,
453 2299 623 2343 lacuna
652 2298 915 2343 litterarum
947 2300 1152 2356 quinque
1182 2300 1255 2344 vel
1287 2313 1365 2344 sex
1396 2300 1446 2343 111
1470 2302 1529 2354 Β,
1563 2302 1786 2356 quattuor

103 2358 152 2401 111
178 2359 227 2411 V,
276 2371 356 2402 sex
393 2359 443 2402 in
480 2359 591 2402 Ferr
637 2372 778 2414 quam
823 2373 987 2403 manus
1032 2359 1262 2403 recentior
1308 2359 1511 2415 explevit
1558 2359 1784 2403 vocabulo

101 2419 307 2472 τελεῦτα,
352 2418 402 2461 111
446 2419 625 2462 textum
670 2419 856 2474 recepto
897 2431 925 2461 a
956 2418 1057 2461 Mor
1102 2418 1182 2474 qui
1228 2418 1277 2462 in
1319 2431 1454 2475 marg
1492 2419 1596 2462 coni
1634 2421 1784 2463 τελευ-
1839 2468 1844 2472 ,

101 2484 263 2520 τῶντα.
307 2478 460 2520 orbum
490 2479 562 2521 est
585 2490 610 2520 e
635 2477 810 2520 scholio
834 2476 1041 2534 ληρευτὰ.
1105 2476 1359 2535 ἀπήλασεν]
1386 2477 1656 2532 ἀπήλαυνεν
1680 2479 1724 2522 L

105 2539 130 2577 6
161 2533 321 2593 Ἴβηρα
359 2537 439 2579 καὶ
476 2543 611 2580 τοῦτο
642 2536 754 2580 Ferr
798 2536 848 2579 in
893 2550 1027 2593 marg
1073 2538 1120 2580 et
1150 2537 1264 2592 Mor,
1297 2536 1377 2593 qui
1416 2537 1496 2581 καὶ
1535 2537 1785 2581 delendum

105 2607 208 2638 com
250 2596 255 2652 Ι
296 2599 491 2639 τοῦτονῖ
628 2599 651 2638 7
686 2593 820 2654 ᾔδετο
853 2597 896 2639 L
934 2598 939 2651 Ι
983 2596 1106 2639 αὑτῶ
1133 2597 1176 2640 V
1304 2601 1329 2639 9
1370 2596 1591 2641 ἐντεῦθεν
1624 2595 1781 2653 οὐδὲν]

103 2651 246 2708 μηδὲν
278 2653 497 2698 ἐντεῦθεν
529 2655 572 2699 L
607 2656 612 2710 Ι
656 2642 953 2711 ἐπιδιδούσης
983 2656 1029 2699 Β
1151 2659 1205 2699 10
1244 2655 1324 2699 καὶ
1356 2669 1431 2699 0111
1457 2656 1552 2709 VL,
1585 2654 1784 2698 fortasse

102 2712 227 2755 recte
253 2714 260 2767 Ι
289 2712 399 2757 ἔστω
425 2740 480 2746 -
507 2718 559 2756 11
586 2714 728 2769 αὐτῆς
750 2728 825 2758 om
849 2715 894 2758 B
990 2718 1042 2756 11
1069 2729 1147 2770 μοι
1178 2714 1283 2758 coni
1306 2714 1407 2758 Mor
1436 2729 1549 2757 num
1579 2714 1640 2770 μὴ
1673 2714 1784 2758 scri·

103 2770 307 2814 bendum
322 2767 419 2815 et
393 2773 551 2829 npost
566 2771 793 2823 δοθέντος
815 2772 1173 2829 inserendum?l
1167 2775 1236 2829 Ιπ
1237 2773 1333 2831 ρὸς]
1353 2773 1434 2817 διὰ
1451 2772 1596 2817 Cobet
1612 2773 1780 2817 Mnem.

103 2829 166 2872 III
191 2834 288 2883 254,
322 2832 372 2873 at
397 2818 459 2874 cf.
491 2831 692 2884 t.1193‚
721 2836 742 2874 1
769 2832 810 2874 R
842 2834 889 2876 eb
911 2831 1030 2875 Plat.
1063 2831 1234 2877 Phaed.
1259 2847 1304 2906 p.
1333 2837 1415 2875 102
1442 2831 1474 2875 C
1507 2830 1783 2889 σμικρότητα

104 2888 195 2945 ἔχει
218 2889 335 2943 πρὸς
355 2889 407 2933 τὸ
433 2886 613 2935 ἐκείνου
638 2890 835 2948 μέγεθος
927 2895 978 2934 12
1004 2890 1122 2945 πρὸς
1141 2891 1224 2935 τὸν
1247 2889 1384 2948 λόγον
1408 2890 1553 2935 Cobet
1575 2890 1604 2934 l.
1630 2891 1659 2934 l
1678 2891 1780 2934 coll.

105 2951 174 2999 97,
202 2951 226 2990 ‘1
355 2952 409 2991 16
433 2955 538 2993 ταῖν
556 2949 682 3007 BV}
709 2948 994 3006 ἀνηρπάσθη
1018 2949 1109 2993 Par
1166 2952 1350 3004 „malim
1382 2949 1683 3007 ἐξηρπάσθη“
1714 2950 1782 2993 Re
