2026 3168
183 177 290 230 124
720 177 905 221 LIBAN
906 177 948 221 11
979 176 1320 222 ORATIONES

181 312 377 366 πολλοὶ
423 313 709 380 πολλάκις,
758 313 906 366 αἰδοῖ
957 314 1293 382 βεβλάφθαι,
1339 315 1747 384 προσλαβόντες
1797 314 1862 367 δὲ

180 403 488 455 νουθεσίαν
533 388 786 469 βελτίους
831 399 1073 454 ἔσεσθαι.
1148 399 1239 454 καὶ
1286 402 1480 455 αὐτίκα
1527 403 1588 455 τὸ
1627 403 1729 470 μὲν
1765 405 1862 472 ψή-

177 504 358 558 φισμα
396 489 719 560 ἐγέγραπτο·
754 491 885 553 τοὺς
923 491 1191 558 σοφιστὰς
1222 486 1284 542 δὲ
1321 491 1459 560 πρὸς
1489 499 1630 560 σφᾶς
1662 491 1866 554 αὐτοὺς

177 579 503 647 διήλλαττεν
542 578 571 632 ὁ
599 580 797 647 φόβος,
835 577 928 631 καὶ
957 577 1163 631 πυκναὶ
1194 578 1297 647 μὲν
1329 580 1384 631 αἱ
1415 581 1632 648 βουλαί,
1665 578 1862 632 πολλοὶ

133 687 155 720 ·5
181 664 242 719 δὲ
281 668 335 719 οἱ
375 667 592 736 δρόμοι,
630 665 721 719 καὶ
751 660 787 737 ᾗ
818 668 919 736 χρὴ
951 666 1187 720 τούπιὸν
1218 668 1540 737 διενεγκεῖν,
1573 667 1860 721 ἐσκόπουν.

179 762 343 808 τοῦτο
401 756 557 808 οὔπω
611 757 864 825 πρόσθεν
913 754 1242 824 Ἀθηναίους
1295 754 1501 824 ἀκήκοα
1555 757 1864 825 δράσαντας

180 843 300 897 οὐδ’
362 840 432 896 αὖ
487 842 651 916 ἑτέρῳ
705 851 932 897 τοιαῦτα
986 846 1063 907 εἰς
1118 842 1285 907 δόξαν
1337 845 1484 914 παρὰ
1536 851 1633 912 τῆς
1690 846 1867 914 Τύχης

181 931 466 1002 εὑρημένα.
556 934 735 985 καίτοι
796 931 888 985 καὶ
942 934 1213 1002 πρότερόν
1274 950 1406 985 ποτε
1468 934 1625 1001 λόγοι
1685 935 1868 1001 λόγων

181 1022 421 1089 ἡττῶντο
461 1030 573 1074 τῶν
610 1019 737 1091 παρ’
785 1020 990 1089 ἑτέροις
1036 1022 1090 1074 οἱ
1130 1019 1255 1092 παρ’
1311 1020 1516 1090 αὐτοῖς,
1564 1020 1682 1074 ἀλλ’
1720 1022 1866 1091 ὅμως

114 1131 155 1162 10
179 1110 247 1162 οὐ
287 1112 582 1178 φαίνονται
623 1112 939 1178 κεκληκότες
979 1108 1252 1179 ἑτέρωθεν
1291 1110 1510 1179 ῥήτορα.
1589 1110 1674 1162 84.
1712 1108 1863 1163 τουτὶ

179 1195 281 1267 μὲν
333 1199 401 1267 δὴ
455 1197 760 1267 κεφάλαιον
812 1206 925 1251 τῶν
977 1199 1126 1268 παρὰ
1174 1206 1268 1267 τῆς
1319 1199 1583 1267 δαίμονος
1632 1198 1866 1267 ἀγαθῶν

180 1286 492 1355 νομιστέον·
534 1289 585 1340 εἰ
621 1287 726 1357 γὰρ
767 1282 836 1340 αὖ
875 1285 967 1340 καὶ
1005 1286 1134 1357 παρ’
1172 1286 1374 1357 ἐτέρων
1404 1287 1605 1355 κλητὸν
1628 1286 1864 1357 Ἀθήνη-

91 1389 132 1431 R
154 1393 208 1431 60
240 1380 347 1429 θεν
401 1375 638 1429 ἐλθόντα
690 1374 834 1429 νέων
886 1375 1063 1445 ἀρχὴν
1103 1377 1110 1445 Ι
1150 1378 1460 1444 κτήσασθαι
1512 1378 1867 1446 μακαριστόν,

179 1466 408 1533 πηλίκης
455 1465 809 1533 εὐδαιμονίας
853 1465 914 1517 τὸ
956 1463 1284 1532 Ἀθηναίους
1334 1461 1476 1518 εἶναι
1525 1466 1657 1526 τοὺς
1709 1483 1866 1533 μετα-

116 1574 157 1606 15
181 1552 587 1622 πεμπομένους;
664 1552 770 1620 ἐγὼ
828 1549 888 1605 δὲ
941 1553 1129 1621 ἥσθην
1182 1549 1283 1621 μὲν
1336 1553 1471 1605 κατὰ
1523 1553 1622 1605 τὸν
1674 1555 1867 1622 Κρῆτα
1923 1604 1925 1610 ,

179 1640 397 1695 ἐκεῖνον
440 1640 530 1694 ἐπὶ
576 1642 677 1710 τὴν
722 1640 1061 1710 κατέχουσαν
1105 1642 1171 1694 τά
1209 1641 1498 1711 πράγματα
1543 1650 1655 1694 τῶν
1687 1643 1869 1710 λόγων

182 1732 352 1784 νόσον
388 1731 742 1799 καλούμενος,
782 1729 848 1782 οὐ
888 1730 999 1798 μὴν
1038 1730 1181 1782 οὕτω
1213 1749 1274 1798 γε
1315 1729 1629 1798 ἐπιλήσμων
1667 1750 1749 1792 τις
1779 1725 1867 1798 ἧν,

183 1818 307 1872 ὥστ’
369 1820 597 1888 εἰρήνην
649 1838 707 1871 τε
759 1819 851 1871 καὶ
911 1817 1218 1887 ἀσφάλειαν
1280 1818 1496 1871 ἐλπίσαι
1549 1819 1683 1887 μετὰ
1733 1821 1867 1881 τοὺς

181 1907 455 1976 πολέμους
517 1906 761 1970 ἐκείνους
814 1907 912 1970 οὓς
971 1906 1274 1976 ἐτύγχανον
1336 1905 1605 1977 ἑωρακώς,
1658 1906 1722 1960 ἐν
1782 1901 1868 1970 οἷς

115 2017 158 2049 20
182 1997 464 2065 τραύματα
508 1998 685 2049 πόνον
726 1999 955 2058 πολλοῖς
995 1997 1204 2066 ἰατροῖς
1249 1995 1599 2065 παρασχόντα
1645 1994 1864 2064 συνέβη.

294 2085 379 2138 85.
422 2079 529 2138 τΗν
567 2080 671 2138 οὖν
709 2086 895 2152 δεινῆς
925 2086 1277 2154 ἠλιθιότητος
1307 2087 1438 2147 τοὺς
1476 2083 1556 2137 ἐπ’
1596 2083 1868 2152 ἀλλήλους

303 2309 357 2347 15
386 2301 687 2360 Ἐπιμενίδην
719 2302 854 2359 (Plat.
888 2302 978 2360 leg.
1011 2302 1032 2345 I
1064 2307 1147 2346 642
1173 2302 1227 2346 D.
1261 2302 1394 2360 Diog.
1428 2302 1576 2346 Laert.
1609 2303 1630 2346 I
1661 2304 1763 2359 110)

301 2513 326 2551 5
364 2525 389 2551 τ
427 2509 476 2551 in
514 2509 708 2554 τουπιὸν
747 2509 795 2551 in
834 2509 1004 2552 lacuna
1034 2508 1101 2552 L2
1143 2509 1149 2566 Ι
1192 2515 1476 2564 μετενεγκεῖν
1507 2509 1551 2552 L
1583 2508 1630 2551 et
1660 2525 1728 2564 γρ.
1762 2508 1867 2551 Mor

181 2567 230 2610 in
260 2581 394 2623 marg
485 2573 509 2611 6
543 2568 692 2625 οὔπω]
727 2566 837 2623 ὅπερ
868 2569 914 2612 L
1007 2572 1030 2610 7
1064 2567 1130 2618 εἰς
1161 2566 1305 2619 δόξαν
1336 2568 1443 2622 post
1474 2564 1702 2622 εὑρημένα
1726 2567 1863 2610 ΑΡΒ

240 2630 266 2668 9
293 2625 475 2676 ἑαυτοῖς
498 2628 542 2670 L
649 2631 703 2669 10
729 2625 956 2681 ἑτέρωθεν
981 2624 1248 2682 κεκληκότες
1269 2627 1351 2669 VL
1466 2623 1604 2669 1272&
1636 2639 1711 2668 om
1737 2626 1818 2670 VL
1853 2627 1859 2682 Ι

182 2682 296 2739 παρ’
331 2698 406 2727 0111
437 2686 527 2729 ΡΒ
555 2685 560 2743 Ι
597 2684 778 2739 ἑτέρους
804 2686 846 2729 V
911 2684 1139 2741 ἑτέρωθεν
1171 2685 1307 2729 ACP
1336 2684 1400 2740 (in
1432 2697 1525 2738 quo
1557 2684 1577 2729 ἑ
1609 2683 1678 2726 m2
1708 2684 1757 2727 in
1787 2698 1864 2728 ra—

183 2757 290 2786 sura
321 2743 462 2786 trium
493 2743 771 2800 litterarum)
798 2745 843 2787 B
866 2744 977 2787 Ferr
1061 2748 1115 2786 13
1146 2741 1264 2786 νέων
1288 2741 1374 2799 γὰρ
1399 2742 1547 2799 ἀρχὴν
1570 2744 1614 2787 L
1700 2749 1753 2786 14
1777 2759 1863 2800 πη-

182 2799 311 2858 λίκης
341 2802 505 2858 scripsi
536 2816 560 2845 e
580 2803 662 2846 VL
695 2804 881 2845 auctore
912 2803 980 2845 Re
1011 2803 1141 2858 („aut
1163 2799 1360 2856 πηλίκον
1384 2801 1495 2859 sis-⁶⁶)
1563 2799 1756 2858 πηλίκον
1779 2802 1869 2847 ΑΟ

182 2861 272 2904 ΡΒ
304 2861 395 2903 edd
547 2866 600 2904 15
631 2861 712 2905 τὸν
744 2867 827 2916 τῆς
856 2859 1110 2916 παροιμίας
1139 2862 1246 2916 posia
1276 2863 1436 2916 Κρῆτα
1467 2862 1513 2904 Β
1553 2862 1599 2904 et
1635 2874 1859 2916 suprascr.

183 2919 248 2963 P²
356 2924 408 2963 17
442 2925 584 2975 νῆσον
616 2921 704 2963 ΡΒ
733 2920 738 2977 Ι
773 2917 841 2968 τίς
872 2920 963 2962 BL
1070 2923 1125 2962 18
1155 2917 1268 2962 ὥστε
1299 2919 1343 2962 L
1450 2924 1504 2962 19
1535 2921 1732 2969 πολλοὺς
1757 2919 1803 2963 Β

185 2983 240 3021 20
271 2977 429 3023 πόνων
461 2980 505 3022 L
533 2980 538 3037 Ι
582 2978 757 3033 ἰατροῖς
787 2978 910 3021 inser
932 2977 1000 3022 Α2
1121 2982 1174 3021 21
1209 2971 1267 3033 ἦν
1301 2975 1431 3037 (ch)
1466 2974 1580 3022 οὖνῗ
