2026 3168
183 127 289 179 184
726 126 955 170 LIBANII
987 125 1327 170 ORATIONES

186 281 243 315 τε
290 270 384 330 τῆς
436 262 560 331 περὶ
615 262 680 314 τὰ
733 269 958 314 τοιαῦτα
1013 260 1260 324 ἐξουσίας
1313 266 1456 314 οἴκοι
1508 281 1565 314 τε
1618 267 1862 331 καθῆστο

186 349 660 418 ἐγκεκαλυμμένος
723 349 1086 418 πεποιημένης
1154 369 1211 402 τε
1271 356 1343 422 τῷ
1397 352 1710 403 Ποσειδῶνι
1770 358 1866 419 τῆς

187 439 551 507 ἱπποδρομίας
597 436 722 506 περὶ
772 446 833 508 τῇ
883 439 1027 508 οἰκίᾳ
1072 445 1136 508 τῇ
1188 437 1357 491 αὑτοῦ
1413 440 1606 502 δεδιὼς
1655 436 1863 508 ἔτρεμε·

186 534 416 579 τοσοῦτο
465 534 609 595 κῦμα
656 527 871 579 παίδων
918 525 999 579 ἐπ’
1055 527 1227 595 αὐτὴν
1270 525 1511 597 ἐφέρετο,
1550 529 1865 590 κελεύοντες

141 637 160 668 5
186 615 336 684 ἐμεῖν
376 615 408 668 ἃ
448 614 698 683 ἐδηδόκει
735 624 936 683 κακῶς,
976 613 1066 667 καὶ
1107 617 1163 667 αἱ
1204 616 1365 686 δᾷδες
1411 614 1472 668 ἐν
1513 625 1711 686 χεροῖν.
1773 636 1863 669 τα-

182 704 377 756 πεινὸν
424 704 485 756 δὲ
532 701 600 772 ἦν
647 702 737 756 καὶ
786 703 921 756 ὅσον
968 704 1115 774 αὐτῷ
1164 705 1456 773 συνύβριζε
1501 707 1789 774 πρότερον,
1835 705 1864 757 ὅ

183 812 240 845 τε
288 791 686 860 ἐξηπατημένος
736 792 907 845 αὑτὸν
958 791 1149 861 ἀπῄτει
1199 793 1354 855 δίκας
1405 793 1496 846 διὰ
1541 802 1652 846 τῶν
1694 793 1754 846 ἐν
1798 801 1864 863 τῇ

183 885 392 950 κεφαλῇ
432 890 648 950 τριχῶν.

295 970 417 1022 231.
449 963 581 1021 ἴΗκε
621 967 682 1022 δὲ
722 968 783 1022 ἐν
822 978 939 1032 ταῖς
979 969 1170 1032 αὐταῖς
1207 969 1431 1038 ἡμέραις
1468 970 1599 1038 ἡμῖν
1637 971 1726 1023 καὶ
1766 978 1866 1024 τοῦ

117 1080 160 1111 1ο
184 1058 433 1127 ὑπάρχου
459 1058 744 1126 γράμματα
769 1062 995 1120 πολλαῖς
1026 1057 1116 1110 καὶ
1141 1058 1398 1126 μεγάλαις
1428 1043 1667 1127 τιμῶντα
1701 1059 1867 1128 εὐφη-

95 1159 138 1202 R
165 1163 247 1202 142
280 1149 447 1213 μίαις’
497 1146 556 1199 ἐν
596 1139 682 1209 αἷς
722 1148 810 1199 καὶ
850 1148 910 1199 τὸ
950 1148 1096 1199 πάνυ
1135 1145 1187 1213 μ’
1221 1146 1436 1200 ἐθέλειν
1477 1148 1616 1200 ἰδεῖν
1651 1145 1656 1218 Ι
1692 1146 1868 1216 ἐνεγέ-

131 1236 169 1303 †
187 1254 413 1303 γραπτο,
440 1236 575 1287 ὥστε
600 1243 715 1297 τοῖς
742 1236 958 1304 νύκτωρ
985 1235 1359 1288 ἐκτεθεικόσιν
1392 1235 1571 1288 ἐκεῖνα
1602 1237 1667 1289 τὰ
1698 1237 1867 1306 γράμ-

183 1344 339 1391 ματα,
389 1324 518 1377 ὅτου
566 1321 668 1390 μὲν
714 1319 798 1391 ἦν,
848 1324 950 1376 οὐκ
998 1326 1200 1392 ἔλεγεν,
1242 1324 1343 1377 ὅσα
1384 1321 1444 1377 δὲ
1484 1323 1867 1393 ἐσυκοφάντει,

183 1412 391 1476 πένθος
431 1409 571 1465 εἶναι
610 1413 711 1480 τὴν
750 1411 1057 1481 ἐπιστολήν.
1130 1413 1251 1465 232.
1294 1414 1503 1480 ὀλίγαις
1543 1413 1603 1466 δὲ
1641 1412 1867 1482 ἡμέραις

118 1520 160 1554 15
185 1501 419 1570 ὕστερον
473 1500 539 1553 ὃν
594 1499 823 1569 ἐποίησα
869 1503 1038 1569 λόγον
1084 1502 1366 1570 αἰτήσαντι
1421 1508 1721 1573 στρατηγῷ,
1775 1500 1867 1555 καὶ

185 1591 289 1660 γὰρ
335 1592 499 1642 τοῦτό
547 1609 639 1655 μοι
686 1591 833 1659 παρὰ
882 1598 976 1658 τῆς
1022 1595 1161 1642 θεοῦ
1201 1591 1262 1642 τὸ
1303 1587 1446 1643 εἶναι
1485 1592 1613 1652 τοὺς
1651 1591 1717 1642 τὰ
1755 1610 1867 1643 τοι-

187 1686 324 1731 αῦτα
363 1679 670 1746 αἰτοῦντας,
701 1686 900 1730 τοῦτον
941 1674 1044 1730 οὖν
1075 1680 1173 1731 τὸν
1205 1680 1374 1745 λόγον
1408 1679 1679 1731 δεικνύων
1711 1679 1867 1732 εὐδο-

185 1769 403 1835 κίμουν,
440 1767 530 1819 καὶ
570 1761 639 1833 ἦν
678 1767 1036 1837 παραμύθιον
1071 1766 1099 1819 ὁ
1131 1769 1326 1836 κρότος
1357 1771 1610 1835 τελευτῆς
1648 1767 1867 1838 ἀνδρός,

189 1851 256 1908 οὗ
289 1856 354 1908 τὰ
379 1855 665 1924 γράμματά
695 1875 787 1921 μοι
819 1855 955 1925 πρὸς
987 1853 1273 1918 ἐπιδείξεις
1305 1855 1640 1925 συνέπραττε
1672 1858 1865 1922 βελτίω

120 1963 164 1995 20
187 1963 243 1996 τε
283 1945 416 1997 ὄντα
463 1952 574 1995 τῶν
620 1941 766 2011 ἐμῶν
814 1942 846 1995 ἃ
885 1951 1003 2006 ταῖς
1041 1944 1236 1996 ὠδῖσιν
1277 1943 1537 2012 ὑπήκουε,
1576 1945 1666 1997 καὶ
1704 1943 1869 2013 παρέ-

187 2052 356 2101 χοντα
394 2031 608 2101 τρέχειν
647 2040 762 2093 τοῖς
800 2031 1111 2100 ὀφθαλμοῖς
1151 2030 1220 2084 δι’
1269 2032 1465 2085 αὐτῶν.
1536 2031 1623 2084 ἐπὶ
1655 2034 1871 2095 τούτοις

188 2119 469 2189 ἐβοήθουν
509 2122 694 2188 φίλοις
733 2127 961 2188 γονεῦσι
1000 2122 1215 2173 παίδων
1252 2120 1665 2189 παιδευομένων
1697 2121 1870 2191 ὀργήν

309 2285 362 2323 19
398 2280 453 2324 cf.
487 2296 531 2337 p.
559 2284 657 2334 187,
685 2284 739 2322 12
758 2293 824 2334 sq.

311 2432 332 2469 1
367 2426 424 2470 τὰ
454 2427 664 2484 τοιαῦτα]
698 2433 844 2470 ταῦτα
871 2427 952 2471 VL
984 2444 1038 2483 γρ
1070 2427 1172 2470 Mor
1202 2427 1251 2470 in
1282 2441 1414 2484 marg
1541 2432 1565 2469 2
1605 2443 1633 2470 v
1664 2426 1713 2469 in
1745 2427 1869 2484 ἐγκε-

190 2485 476 2542 καλυμμένος
506 2487 555 2528 in
585 2499 660 2528 ras
696 2484 754 2529 Cf
835 2485 1194 2543 ἐγκεκρυμμένος
1224 2487 1267 2530 L
1409 2490 1433 2528 3
1475 2486 1617 2529 αὐτοῦ
1649 2486 1788 2529 BVL

192 2550 216 2588 5
251 2544 422 2600 ἐξεμεῖν
439 2544 665 2600 wyttenb
691 2546 738 2587 et
762 2543 907 2588 Cobet
930 2545 1097 2588 Mnem.
1116 2545 1158 2588 V
1184 2549 1267 2587 104
1300 2546 1371 2602 (=
1398 2544 1507 2588 Con.
1537 2546 1636 2601 100)
1665 2546 1669 2600 Ι
1713 2544 1762 2587 αἱ
1794 2558 1869 2587 om

202 2604 283 2646 VL
396 2608 421 2645 6
460 2601 482 2646 ὅ
513 2620 561 2647 τε
594 2603 757 2659 scripsi
790 2603 1167 2661 auptore‚Gasda
1230 2602 1302 2647 ὅτε
1333 2603 1441 2646 libri
1473 2601 1572 2646 &dd
1670 2607 1693 2645 7
1727 2603 1869 2647 αὑτὸν

193 2703 293 2733 corr
317 2703 372 2733 ex
396 2691 538 2734 αὐτὸν
566 2691 627 2735 ΟΡ
681 2691 824 2735 αὑτὸν
848 2692 893 2735 Α
955 2692 1098 2736 αὐτὸν
1122 2693 1166 2735 L
1266 2696 1317 2734 11
1351 2706 1404 2747 με
1428 2689 1583 2734 θέλειν
1608 2691 1717 2734 libri
1742 2692 1832 2735 edd
1859 2692 1864 2750 Ι

194 2747 444 2805 ἐγέγραπτο
474 2751 517 2793 L
610 2755 662 2793 12
697 2752 805 2793 ante
837 2749 949 2794 ὥστε
979 2750 1196 2794 lacunam
1224 2751 1378 2793 statuo
1404 2764 1508 2793 cum
1533 2749 1687 2793 Gasda
1715 2752 1720 2806 Ι
1749 2767 1775 2793 ν
1798 2750 1868 2792 ul-

191 2807 360 2850 timum
390 2807 439 2850 in
469 2807 781 2853 ἐκτεθεικόσιν
813 2809 862 2851 in
885 2823 960 2852 ras
986 2813 1010 2851 3
1035 2808 1297 2852 litterarum
1321 2808 1393 2852 Ρ8
1453 2807 1764 2854 ἐντεθεικόσιν
1788 2810 1832 2853 L
1852 2809 1869 2892 ἑ

193 2883 252 2910 να
283 2865 340 2908 τὰ
370 2866 419 2909 in
452 2866 605 2910 ἐκεῖνα
635 2866 691 2910 τὰ
722 2868 770 2911 in
801 2881 876 2910 ras
910 2873 934 2909 2
966 2867 1227 2911 libterarum
1259 2867 1330 2911 Ρ3
1444 2872 1497 2910 13
1528 2861 1586 2923 ἦν
1618 2868 1666 2911 in
1696 2882 1771 2911 ras
1803 2869 1849 2911 P

255 2929 308 2968 16
339 2925 436 2982 τῆς]
470 2932 550 2969 τοῦ
583 2943 636 2982 γρ
669 2926 769 2970 Mor
799 2927 848 2969 in
879 2940 1011 2983 marg
1045 2928 1050 2981 Ι
1092 2925 1149 2970 τὰ
1180 2941 1254 2970 0111
1281 2926 1362 2970 VL

1984 519 1989 522 ’
2020 456 2025 482 4,.
2018 333 2023 438 ΗΛ,
1979 0 2022 317 „igal-*2⁶43
