2026 3168
0 0 10 170 ----—--

683 156 910 201 LIBANII
941 155 1283 200 ORATIONES
1729 157 1762 209 3
1770 157 1796 208 1
1806 157 1835 208 7

151 296 369 364 μυρίοις
399 294 632 361 τούτοις,
670 289 742 361 ἦν
773 290 834 346 δὲ
872 291 964 346 καὶ
996 292 1026 346 6
1062 292 1204 361 Πάν,
1244 292 1414 345 αὑτὸν
1444 291 1838 360 παρακαλέσας,

151 383 214 436 τὸ
255 382 425 436 πλέον
464 380 530 434 δέ
563 402 658 450 μοι
698 382 850 435 δοκεῖ
887 390 982 450 τῆς
1006 380 1321 449 Ἀρτέμιδος
1351 380 1633 449 γενέσθαι,
1672 382 1841 434 δυνα-

153 470 389 540 τωτέρας
426 476 583 523 θεοῦ.
659 470 746 524 41.
786 471 875 523 καὶ
914 472 971 523 τί
1007 471 1093 523 δεῖ
1129 471 1195 522 τὰ
1235 468 1435 538 ἑτέρων
1473 469 1675 537 λέγειν;
1715 466 1831 522 ἀλλ’

154 561 253 629 ἥδε
291 560 324 628 ἡ
363 562 524 622 πόλις
561 559 594 628 ἡ
633 560 809 627 πολλὴ
851 563 1101 612 Σκυθῶν
1140 557 1211 612 ὀὲν
1257 558 1498 626 ἐγεγόνει
1545 556 1637 611 καὶ
1675 557 1841 627 ἀνήρ-

153 662 328 701 παστο
367 649 504 700 κατὰ
541 649 641 716 τὴν
678 648 846 700 πάλαι
886 649 1193 718 στρατείαν,
1234 649 1281 700 εἰ
1313 648 1385 716 μὴ
1422 648 1523 715 ἥδε
1553 647 1653 700 τὸν
1684 645 1841 699 ἀδελ·
1886 667 1907 700 5

154 738 266 806 φὸν
288 739 685 805 παραλαβοῦσα
707 735 1008 800 τοξεύουσα
1031 737 1343 805 φεύγοντας
1377 740 1383 806 Ι
1419 734 1588 799 ἔδειξε
1613 734 1750 788 Φλέ-
1781 747 1823 790 R
1843 752 1928 792 236

153 845 288 895 γρας
325 828 428 894 ἤδη
470 826 668 888 ταύτας
714 823 961 894 ἔχοντας·
1008 826 1238 894 στρατὸς
1277 821 1338 877 δὲ
1383 825 1517 893 ἡμῖν
1555 824 1584 877 6
1625 822 1842 894 δεξόμε-

156 935 254 977 νος
291 917 421 977 τοὺς
473 914 724 977 ἐπιόντας
764 914 866 967 οὐκ
911 911 997 983 ἦν,
1049 915 1103 967 οἱ
1153 911 1215 967 δὲ
1254 913 1288 966 ἃ
1325 923 1437 967 τῶν
1485 912 1842 982 βαλλομένων

153 1000 241 1072 ἦν,
281 1005 519 1071 βοῶντες
559 1003 818 1073 ἀπῄεσαν,
859 1004 912 1057 οἱ
951 1004 1195 1072 Σκύθαι,
1236 1003 1338 1056 δύο
1377 1001 1598 1066 τοξότας
1637 1003 1704 1055 οὐ
1745 1001 1841 1071 φέ-

153 1111 358 1161 ροντες.
1866 1114 1909 1146 10

266 1181 353 1233 42.
410 1181 519 1233 Καὶ
558 1182 619 1235 τὸ
662 1182 815 1250 ἱερὸν
855 1178 915 1234 δὲ
954 1179 1110 1233 τουτὶ
1149 1183 1211 1234 τὸ
1251 1180 1414 1250 μέγα,
1466 1182 1526 1234 τὸ
1577 1182 1716 1251 πρὸς
1754 1179 1843 1248 ἔω,

156 1270 217 1322 τὸ
280 1268 341 1322 ἐν
393 1276 468 1342 τῷ
517 1272 849 1342 προαστείῳ,
906 1271 1164 1337 γυναικός
1218 1269 1333 1323 ἐστι
1385 1277 1482 1339 τῆς
1535 1270 1843 1338 Καμβύσου

159 1359 395 1427 δαπάνη,
433 1360 637 1427 μισθὸς
675 1359 985 1428 ὀφθαλμῶν
1017 1359 1153 1429 αὐτῇ
1187 1360 1335 1428 παρὰ
1365 1365 1461 1426 τῆς
1498 1364 1639 1411 θεοῦ
1679 1373 1844 1411 σεσῶ-

157 1446 387 1514 σμένων.
450 1447 535 1499 43.
577 1446 682 1515 ἐγὼ
725 1447 789 1500 δέ
825 1467 887 1514 γε
926 1448 1028 1500 οὐκ
1066 1446 1377 1516 ὀφθαλμῶν
1407 1449 1583 1516 μόνον
1614 1446 1735 1500 οὐδ’
1774 1443 1843 1500 αὖ

155 1544 354 1604 χειρῶν
392 1534 426 1603 ἢ
466 1536 656 1588 ποδῶν
694 1537 729 1604 ἤ
779 1555 932 1598 τινος
982 1537 1153 1588 ἄλλου
1205 1535 1407 1604 μέρους
1458 1530 1584 1589 οἶδα
1632 1536 1844 1605 μισθὸν
1867 1557 1910 1591 15

155 1624 414 1693 ὀφείλων,
466 1623 585 1677 ἀλλ’
631 1624 766 1678 ὅλου
815 1644 873 1677 τε
923 1623 1162 1694 ἐμαυτοῦ
1213 1625 1304 1677 καὶ
1353 1632 1453 1678 τοῦ
1510 1632 1696 1694 χοροῦ.
1773 1621 1846 1694 ἦν

155 1709 258 1779 μὲν
306 1714 410 1782 γὰρ
461 1714 571 1781 μὴν
610 1713 638 1766 ὁ
691 1713 978 1780 ἐπώνυμος
1026 1722 1123 1782 τῆς
1154 1712 1469 1783 Ἀρτέμιδος
1514 1714 1606 1766 καὶ
1642 1721 1743 1766 τοῦ
1782 1732 1845 1781 γε

156 1801 328 1869 μηνὸς
367 1799 571 1870 ἑβδόμη
614 1801 927 1871 ἱσταμένου,
967 1801 1029 1856 ἐν
1067 1797 1102 1873 ᾗ
1140 1805 1310 1870 νόμος
1348 1801 1411 1856 ἐν
1441 1804 1636 1876 Μερόῃ
1673 1803 1842 1872 ταύτῃ

154 1895 439 1943 ποιεῖσθαι
484 1900 548 1961 τῇ
599 1897 716 1963 θεῷ
764 1892 865 1960 τὴν
916 1890 1128 1961 ἑορτήν,
1177 1887 1242 1960 ἧς
1290 1890 1381 1944 καὶ
1430 1892 1492 1944 τὸ
1541 1891 1846 1960 κεφάλαιον

155 1971 287 2044 αἷμα
319 1978 424 2032 ἀπὸ
455 1988 686 2049 πυγμῆς.
740 1981 941 2033 πύκται
967 1979 1044 2048 δέ,
1076 1979 1274 2034 ὁπόσαι
1305 1979 1478 2050 φυλαὶ
1502 1988 1597 2049 τῆς
1619 1981 1844 2048 πόλεως,
1868 2003 1912 2035 20

156 2059 235 2129 εἷς
273 2065 366 2136 ἀφ’
414 2066 658 2137 ἑκάστης,
698 2068 788 2121 καὶ
837 2071 950 2138 ἔρις
994 2065 1133 2136 ὑπὲρ
1173 2071 1329 2138 νίκης
1374 2071 1694 2138 θαυμαστή,
1743 2069 1844 2138 οὐχ

277 2233 299 2270 1
319 2227 425 2272 Her.
444 2228 508 2271 VI
525 2233 608 2273 105
641 2228 813 2274 Polem.
834 2243 896 2273 or.
914 2229 935 2272 I
954 2234 979 2283 ἓ
998 2233 1066 2272 35.
1100 2228 1235 2272 111.1.
1333 2234 1385 2273 12
1410 2229 1483 2272 t.1
1498 2244 1543 2286 p.
1564 2234 1700 2284 291‚4
1717 2229 1759 2272 R
1775 2243 1842 2286 sq.

278 2380 332 2418 15
364 2375 426 2427 ὡς
457 2376 718 2432 ἀθεώτερος
748 2377 1026 2434 συμπάντων
1052 2376 1106 2420 σύ
1131 2393 1180 2434 γε
1213 2374 1277 2420 ὢν
1301 2376 1382 2421 διὰ
1405 2384 1540 2421 τοῦτο
1566 2378 1646 2421 καὶ
1670 2377 1844 2433 μισθὸν

158 2434 365 2485 εἰδώλοις
394 2438 563 2491 μᾶλλον
594 2434 622 2491 ἢ
654 2436 772 2480 κατὰ
803 2437 912 2487 τοὺς
949 2436 1114 2487 ἄλλους
1145 2435 1357 2487 ἅπαντας
1389 2435 1593 2493 ὀφείλειν
1625 2435 1769 2494 λέγεις
1807 2436 1857 2479 V-

279 2571 301 2609 1
344 2568 487 2613 αὑτὸν
533 2568 602 2612 m²
648 2582 704 2612 ex
751 2569 894 2612 αὐτὸν
937 2571 998 2613 Μ
1099 2568 1243 2613 αὐτὸν
1291 2570 1404 2614 VIR
1586 2574 1611 2612 6
1658 2568 1846 2625 Φάγρας

162 2623 398 2670 OMueller
420 2628 611 2684 Anssiqu.
636 2628 850 2671 Antioch.
876 2643 929 2684 p.·
949 2633 1004 2671 14
1068 2626 1260 2685 Πάγρας
1284 2627 1452 2682 (fraeda,
1484 2628 1683 2672 fortasse
1705 2629 1844 2683 recte,

162 2685 243 2727 sed
268 2684 324 2729 cf.
342 2701 386 2742 p.
408 2691 504 2742 129,
519 2691 546 2730 4
572 2683 626 2731 οὗ
650 2685 785 2744 λόγος
807 2689 1254 2743 κατακαυθῆναι
1277 2688 1385 2738 τοὺς
1400 2685 1632 2744 Γίγαντας
1648 2686 1845 2743 (Sievers

161 2741 191 2785 1.
215 2742 245 2786 1.
278 2759 323 2799 p.
352 2749 405 2787 63
431 2748 478 2789 et
502 2748 576 2803 91)
723 2751 746 2789 7
780 2762 803 2790 ο
835 2746 885 2789 in
918 2744 1162 2802 δεξόμενος
1191 2746 1241 2789 in
1264 2759 1339 2790 ras
1364 2747 1436 2791 P²
1469 2748 1516 2790 et
1547 2760 1603 2790 ex
1634 2763 1663 2789 α
1692 2759 1794 2789 corr
1816 2746 1852 2789 I

222 2802 470 2859 δεξάμενος
495 2806 574 2849 ΟΛ
586 2806 687 2849 VM
833 2809 859 2848 8
892 2803 923 2847 ἃ
952 2820 1012 2848 m.
1045 2806 1164 2861 post.
1199 2806 1253 2862 (p
1284 2807 1331 2849 et
1359 2808 1397 2862 s)
1438 2820 1539 2850 corr
1571 2819 1625 2848 ex
1658 2802 1718 2848 ἂν
1752 2805 1791 2849 G

163 2858 223 2903 ἂν
254 2863 299 2905 Α
331 2863 430 2918 (sed
462 2880 488 2906 ν
520 2867 719 2922 erasum)
744 2865 837 2908 IM
984 2867 1038 2907 18
1079 2863 1182 2920 ἕκτη
1215 2865 1420 2908 Roscher
1450 2863 1617 2908 Philol.
1649 2862 1728 2906 LX
1759 2867 1843 2906 362

225 2967 278 3006 19
311 2965 390 3008 καὶ
420 2979 496 3010 om
529 2969 590 3011 M
736 2971 791 3010 20
823 2966 915 3011 ’ὑπὸ
949 2969 994 3011 Β
1145 2972 1197 3010 21
1233 2965 1319 3023 ἀφ’
1349 2967 1397 3010 in
1428 2981 1503 3010 ras
1537 2967 1607 3011 P³
1683 2921 1772 3021 ἐφ’
1801 2967 1845 3011 A
