2026 3168
171 153 279 205 240
712 155 939 199 LIBANII
971 155 1310 200 ORATIONES

280 291 329 342 2.
400 289 509 342 Καὶ
574 301 794 360 πρῶτον
863 288 964 359 μὲν
1034 291 1209 345 ἐκεῖνο
1279 294 1560 360 θαυμάσαι
1633 315 1713 356 τις
1782 294 1852 348 ὀὲν

170 378 415 447 δικαίως,
466 387 579 440 πῶς
619 380 696 440 εἰς
734 380 831 431 τὸν
869 381 1219 449 παρελθόντα
1259 383 1459 450 χρόνον
1499 382 1671 444 οὕτως
1719 385 1851 436 ὄντα

167 467 378 534 μακρὸν
417 467 518 519 οὐκ
556 463 695 535 ἦλθε
734 468 891 520 ταυτὶ
929 469 995 520 τὰ
1035 467 1353 537 ἐγκλήματα.
1415 469 1569 540 ἕτερα
1605 468 1707 538 μὲν
1745 473 1848 541 γὰρ

168 555 375 624 εἴρηται
413 557 589 608 πολλὰ
628 558 803 624 ψευδῆ
845 554 945 625 μὲν
984 558 1071 609 καὶ
1120 557 1257 609 αὐτὰ
1303 556 1391 609 καὶ
1438 560 1584 628 παρὰ
1630 559 1851 630 ἀνθρώ-

123 664 143 696 5
166 661 287 696 πων
334 643 567 714 ἐχθρῶν,
620 637 703 707 οἷς
743 646 1112 714 αἰσχύνεσθαί
1146 666 1203 698 τε
1241 646 1477 715 ὕστερον
1516 647 1717 716 συνέβη
1758 647 1848 701 καὶ

165 734 339 797 μόνον
370 733 471 785 οὐκ
504 735 580 795 εἰς
612 735 749 801 γόνυ
781 739 1194 803 κατενεχθεῖσιν
1229 735 1492 787 ἱκετεύειν
1516 738 1848 805 συγγνώμην

165 822 309 889 ἔχειν
348 821 533 884 αὐτοῖς
563 823 859 892 μωράνασι,
898 821 985 875 καὶ
1020 824 1206 891 ἔσχον,
1244 823 1396 875 τουτὶ
1431 819 1492 875 δὲ
1531 831 1638 876 νῦν
1670 826 1847 893 εἰσῆλ-

164 914 270 962 θεν
302 909 601 976 άναμεῖναν
633 910 871 979 ἕβδομον
901 910 991 964 καὶ
1024 911 1314 980 ἑξηκοστὸν
1346 914 1477 974 ἔτος.
1556 912 1603 964 3.
1645 914 1709 966 οὐ
1742 915 1845 983 γὰρ

166 998 233 1065 δὴ
273 1001 424 1051 ἔστιν
465 1001 655 1068 εἰπεῖν,
695 1000 768 1062 ὡς
807 1002 1107 1069 λεγόμενον
1141 1000 1465 1068 ἐλάνθανεν,
1506 1001 1684 1071 ὥσπερ
1717 1003 1847 1055 οὐδὲ

98 1108 140 1139 10
163 1088 344 1139 τᾶλλα.
422 1095 517 1156 τῆς
562 1108 619 1141 τε
666 1089 770 1158 γὰρ
824 1098 935 1141 τῶν
989 1091 1262 1157 λεγόντων
1318 1089 1600 1157 ἀσελγείας
1651 1086 1722 1158 ἧν
1774 1093 1846 1160 μὴ

162 1176 441 1244 κρύπτειν,
482 1167 640 1230 εὖνοί
674 1197 731 1230 τε
771 1176 902 1245 ἡμῖν
940 1181 1158 1246 πολλοί,
1206 1177 1332 1247 παρ’
1371 1174 1450 1231 ὧν
1489 1176 1558 1230 ἂν
1605 1177 1846 1232 ἐπυνθα-

72 1277 115 1320 R
137 1281 219 1319 173
252 1267 441 1334 νόμην.
518 1266 566 1318 4.
603 1263 608 1336 Ι
643 1269 702 1318 τί
735 1261 860 1331 οὗν;
899 1267 1001 1335 χρὴ
1041 1270 1299 1335 νομίζειν,
1340 1267 1421 1320 ὅτι
1453 1267 1716 1337 νεώτερος
1745 1268 1847 1335 μὲν

162 1353 241 1406 ὢν
294 1354 602 1423 ἠπιστάμην
657 1364 986 1425 σωφρονεῖν,
1039 1356 1342 1425 προϊούσης
1391 1356 1452 1408 δὲ
1497 1364 1591 1424 τῆς
1637 1358 1847 1425 ἡλικίας

162 1443 497 1512 διεφθάρην;
553 1443 689 1496 ἀλλὰ
726 1444 1053 1497 τούναντίον
1094 1445 1238 1506 εἰκὸς
1276 1439 1361 1512 ἧν,
1410 1443 1568 1513 λῆξαί
1610 1465 1675 1511 με
1721 1453 1843 1513 νῦν,

93 1520 209 1584 1561?
258 1530 348 1584 καὶ
403 1534 671 1602 πρότερον
721 1531 964 1601 ἐπαχθὴς
1012 1529 1096 1600 ἦν.
1175 1533 1353 1595 δεινὸς
1404 1533 1506 1602 γὰρ
1561 1534 1844 1586 παιδεύειν

158 1618 248 1672 καὶ
273 1619 629 1691 ἐπανορθοῦν
653 1620 680 1674 ὁ
705 1623 915 1691 χρόνος.
963 1620 1010 1673 5.
1045 1619 1185 1689 ἀλλ’,
1203 1618 1377 1690 οἶμαι,
1395 1623 1648 1674 τοιοῦτόν
1674 1620 1842 1674 ἐστιν’

159 1710 371 1762 ἅπαντα
402 1710 571 1762 τᾶλλα
603 1707 1065 1779 διεξεληλυθότες,
1097 1708 1224 1763 καθ’
1251 1710 1480 1763 ἕκαστον
1504 1710 1687 1763 αὐτῶν
1719 1709 1842 1780 ἐρυ-

157 1797 513 1867 θριάσαντες,
561 1797 746 1867 ἐπειδὴ
796 1807 959 1867 σιγᾶν
999 1799 1064 1852 οὐ
1107 1799 1400 1867 δύνανται,
1448 1801 1843 1868 φροντίσαντες

159 1885 343 1954 οὐδέν,
385 1888 432 1939 εἰ
471 1884 642 1955 μηδὲν
680 1886 872 1955 ἐροῦσι
909 1890 1171 1955 πιθανόν,
1220 1887 1306 1940 ἐπὶ
1347 1895 1510 1941 τοῦτο
1550 1885 1841 1957 ἐξηνέχθη-

92 1996 136 2028 20
161 1987 281 2043 σαν,
337 1975 483 2038 ὅπως
537 1976 724 2038 αὐτοῖς
778 1977 1050 2044 φεύγουσι
1097 1977 1191 2038 τὰς
1237 1975 1367 2042 ἐμὰς
1413 1978 1711 2038 συνουσίας
1757 1977 1838 2044 εἴη

158 2065 331 2132 λόγος.

267 2152 314 2204 6.
363 2155 548 2222 Βαρὺς
587 2152 714 2221 ἐγώ;
766 2155 823 2205 τί
859 2149 962 2206 οὖν
1001 2155 1150 2206 ἔστιν
1191 2153 1412 2206 ἀκούειν
1450 2162 1561 2205 τῶν
1603 2151 1689 2205 ἐπὶ
1729 2162 1839 2205 τῶν

156 2240 550 2311 ἐργαστηρίων,
606 2241 766 2294 ὁπότε
815 2245 1087 2311 παρίοιμι,
1143 2244 1442 2311 λεγόντων,
1498 2242 1599 2310 οὐχ
1655 2241 1683 2294 ὁ
1733 2241 1837 2307 με’-

276 2494 297 2532 1
330 2489 577 2546 θαυμάσαι
608 2491 653 2534 Α
684 2490 734 2533 in
765 2504 898 2547 marg
966 2491 1134 2540 αὐτοὺς
1196 2490 1343 2544 ἔροιτο
1379 2490 1514 2534 CAV
1538 2491 1585 2532 et
1619 2489 1669 2531 in
1702 2501 1836 2544 marg

156 2547 220 2590 P⁸
252 2550 298 2590 et
331 2550 414 2592 Mo
438 2549 506 2592 Re
549 2551 554 2603 Ι
597 2547 668 2599 τίς
690 2550 821 2593 PMo
944 2554 971 2592 4
1002 2547 1116 2604 παρ’
1139 2548 1360 2592 ΒΜΙΜΟ
1393 2547 1484 2590 edd
1627 2551 1651 2590 6
1691 2563 1836 2603 μονον

156 2622 241 2650 ουκ
282 2620 412 2650 eraso
453 2609 588 2652 acuto
628 2610 675 2651 et
715 2608 882 2664 spiritu
919 2607 1013 2651 leni
1057 2609 1102 2652 A
1191 2607 1421 2663 μονονοὺκ
1455 2607 1537 2663 GR
1664 2611 1687 2648 7
1721 2624 1755 2649 ω
1787 2606 1836 2648 in

155 2665 395 2721 μωράνασι
418 2666 467 2708 in
491 2679 565 2709 ras
590 2667 654 2710 Ρ2
782 2671 807 2709 9
841 2666 1101 2711 ἐλάνθανεν
1133 2665 1192 2710 ἄν
1217 2665 1427 2709 Monnier
1546 2665 1603 2708 10
1634 2667 1773 2708 τᾶλλα
1801 2665 1838 2708 0

155 2727 202 2768 eb
237 2739 296 2767 m.
322 2738 411 2769 rec.
437 2725 486 2767 in
517 2721 656 2768 τᾶλλα
689 2739 789 2769 corr
812 2727 857 2770 A
951 2729 1002 2768 11
1031 2726 1139 2768 ante
1165 2724 1324 2768 πολλοὶ
1349 2725 1468 2766 duae
1498 2723 1684 2767 litterae
1718 2723 1833 2780 (sine

155 2783 296 2827 dubio
325 2797 445 2839 quae
477 2784 526 2826 in
548 2784 654 2827 Vat.
681 2789 749 2837 82,
776 2783 836 2840 οἱ)
869 2797 1028 2828 erasae
1050 2785 1137 2827 inI
1233 2788 1285 2826 12
1317 2781 1361 2826 τί
1395 2809 1448 2814 -—
1484 2787 1537 2825 13
1570 2782 1832 2839 ἠπιστάμην

156 2841 269 2885 Mo²
300 2843 350 2885 in
380 2856 514 2900 marg
540 2844 545 2899 Ι
573 2841 616 2886 τί
649 2840 733 2887 οὖν
764 2843 849 2900 χρὴ
880 2842 990 2886 libri
1021 2843 1143 2886 Fabr
1186 2855 1286 2885 corr
1316 2842 1383 2885 Re
1506 2846 1559 2884 14
1591 2858 1643 2898 με
1670 2842 1752 2885 Mo
1782 2841 1830 2883 in

153 2914 286 2957 marg
318 2903 363 2944 et
394 2917 452 2945 m.
479 2916 568 2946 rec.
604 2915 704 2945 corr
736 2916 760 2944 e
792 2901 874 2958 μὲν
899 2903 943 2946 Α
969 2903 1016 2945 et
1047 2900 1110 2944 Ρ2
1141 2901 1190 2944 in
1213 2915 1287 2943 ras
1349 2901 1431 2956 μὲν
1464 2902 1588 2945 VMo
1674 2904 1726 2943 17
1755 2899 1832 2942 καὶ

155 2961 262 3003 ante
294 2963 405 3004 καθ.
434 2962 477 3004 V
502 2962 548 3004 et
575 2960 697 3004 Fabr
778 2959 1072 3004 καθέκαστον
1099 2961 1142 3003 V
