2026 3168
0 2727 10 2967 r—v-ff.*-vv*v<
0 2681 2 2700 v-
0 2644 1 2647 „
0 2610 4 2611 ,
0 2574 4 2580 ,

695 173 924 218 LIBANII
956 171 1299 217 ORATIONES
1737 172 1839 224 131

154 315 352 374 σκαλος
389 311 542 364 οὔπω
574 315 832 380 καθαρῶς
865 309 1303 376 ἀναπεπνευκώς,
1346 308 1544 376 εἰσάγω
1579 305 1638 360 δὲ
1670 308 1840 360 αὐτὸν

153 403 231 463 εἰς
267 402 364 453 τὸν
402 401 570 468 λόγον
609 400 682 461 ὡς
721 401 788 467 δὴ
829 398 1125 468 ἐπῃνεκότα
1162 394 1302 466 πρός
1340 417 1406 466 με
1443 397 1706 459 πολλάκις
1739 404 1838 449 τοῦ

153 488 416 558 βασιλέως
452 489 554 556 τὴν
592 491 856 556 γλῶτταν,
896 486 925 540 6
966 484 1027 539 δὲ
1064 485 1261 554 ἡσθεὶς
1298 485 1476 555 ὀρέγει
1514 487 1616 554 τὴν
1656 484 1841 548 δεξιὰν

151 579 212 630 τὸ
252 577 581 646 διηλλάχθαι
621 578 821 645 δηλῶν,
868 576 957 628 καὶ
997 574 1026 628 6
1064 576 1166 642 μὲν
1211 578 1493 642 κατεφίλει
1539 588 1841 644 προσκεκυ-

153 667 295 735 φώς,
345 666 498 735 ἡμεῖς
536 662 597 718 δὲ
637 664 897 734 ἐβοῶμεν,
943 661 1123 717 ὁπόσα
1168 663 1230 716 ἐν
1267 664 1538 726 τοιούτοις
1578 663 1720 725 εἰκὸς
1759 663 1836 725 εἰς
1883 684 1902 716 5

149 753 377 824 βασιλέα
416 753 578 817 δέους
615 751 1038 824 ἠλευθερωκότα
1077 753 1413 806 διδάσκαλον
1451 751 1698 821 γέροντα.

263 843 348 895 98.
408 846 530 895 Τῶν
575 846 770 896 τοίνυν
817 841 878 895 ἐν
923 841 1068 914 μέσῳ
1116 862 1210 909 μοι
1256 840 1601 910 γιγνομένων
1640 839 1841 893 ἐπιδεί-

153 931 289 996 ξεων
340 941 561 1000 συχνῶν
611 952 669 985 τε
723 933 908 986 οὐσῶν
961 932 1051 985 καὶ
1106 932 1242 984 οἵων
1295 929 1628 999 ἐφέλκεσθαι
1681 929 1843 992 νέους

153 1022 440 1083 νεανίσκος
469 1023 646 1074 πολλὰ
679 1021 686 1090 Ι
722 1021 918 1074 δεῖπνα
950 1020 1318 1088 δεδειπνηκὼς
1349 1018 1436 1072 ἐπὶ
1467 1025 1543 1090 τῷ
1575 1019 1781 1085 σώματι
1813 1031 1854 1073 R
1876 1035 1930 1074 69

152 1115 337 1181 μισθῷ
398 1110 613 1182 μεγάλω
678 1111 825 1180 παρὰ
884 1117 1085 1162 τοῦτον
1152 1109 1251 1161 τὸν
1319 1107 1546 1176 βασιλέα
1616 1107 1842 1176 δραμὼν
1866 1128 1908 1160 10

154 1199 318 1251 δυοῖν
355 1200 613 1266 γυναίοιν
652 1200 756 1267 ἔφη
795 1218 861 1266 με
893 1199 1134 1267 κεφαλὰς
1172 1197 1509 1264 ἀποτεμόντα
1538 1201 1839 1264 κεκτῆσθαι

153 1295 217 1357 τῇ
256 1283 358 1354 μὲν
395 1285 478 1340 ἐπ’
509 1285 723 1339 ἐκεῖνον
761 1288 1063 1355 χρώμενον,
1101 1285 1312 1356 θατέρᾳ
1352 1282 1412 1338 δὲ
1453 1283 1539 1337 ἐπὶ
1577 1285 1675 1337 τὸν
1712 1302 1840 1353 πρε-

155 1377 439 1446 σβύτερον.
516 1371 586 1444 ἦν
634 1376 695 1428 δὲ
743 1383 843 1428 τοῦ
893 1376 1136 1439 ψεύδους
1174 1374 1203 1428 6
1241 1375 1443 1441 μισθὸς
1482 1375 1842 1442 συγκοίμησις

153 1465 423 1534 ὀρχηστοῦ
476 1484 627 1527 τινος
678 1465 854 1517 πάντα
902 1462 1241 1530 πειθομένου
1290 1473 1406 1525 τοῖς
1455 1461 1589 1530 ἀμφ’
1628 1460 1842 1515 ἐκεῖνον

151 1554 249 1606 τὸν
296 1555 582 1622 σοφιστήν.
659 1555 706 1606 εἰ
752 1551 854 1620 μὲν
902 1553 968 1621 δὴ
1014 1553 1105 1605 καὶ
1155 1551 1441 1618 ἐκομίσατο
1480 1552 1578 1604 τὸν
1616 1552 1840 1623 μισθόν,
1865 1571 1906 1604 15

154 1643 183 1695 ὅ
229 1661 287 1695 τε
334 1643 521 1711 λαβὼν
571 1642 600 1695 ὅ
646 1661 704 1695 τε
754 1643 888 1704 δοὺς
937 1637 1114 1709 οἶδεν,
1177 1639 1263 1710 ἐφ’
1303 1634 1346 1711 ᾧ
1398 1638 1445 1692 δ’
1494 1635 1597 1692 οὗν
1648 1638 1844 1706 ἐτόλμα

154 1732 290 1801 ἅπερ
330 1729 549 1799 ἐτόλμα,
599 1738 762 1784 τοῦτο
800 1726 883 1798 ἦν.
961 1729 1046 1782 99.
1102 1729 1130 1782 6
1171 1726 1232 1782 δὲ
1272 1729 1442 1782 αὐτὸν
1481 1730 1718 1794 ἔπεμπεν
1766 1729 1845 1790 εἰς

152 1820 214 1872 τὸ
254 1820 609 1889 δικαστήριον
647 1819 715 1872 οὐ
753 1827 918 1872 τοῦτο
959 1820 1230 1887 οἰόμενον,
1270 1815 1387 1870 ἀλλ’
1419 1817 1582 1878 αὐτός
1619 1836 1676 1869 τε
1709 1815 1845 1869 ἐκεῖ-

155 1928 252 1970 νος
295 1906 393 1976 ὑφ’
433 1903 513 1960 ὧν
550 1927 608 1960 τε
647 1906 989 1976 ἐμεμίσθωτο
1032 1915 1150 1968 ταῖς
1197 1907 1394 1967 αἰτίαις
1438 1907 1667 1973 ἤλπιζον
1717 1904 1842 1958 ἀκο-

154 1997 460 2064 λουθήσειν
511 1997 571 2049 τὸ
627 1995 797 2065 ξίφος.
874 1996 1082 2048 οὔκουν
1136 1993 1382 2062 ἐδίωξεν,
1443 1992 1558 2045 ἀλλ’
1613 1992 1675 2046 ἐν
1727 2001 1842 2056 τοῖς
1864 2016 1908 2049 20

155 2084 402 2154 ἐσχάτοις
450 2092 545 2153 τῆς
593 2086 799 2147 πόλεως
847 2083 972 2154 περὶ
1022 2085 1117 2146 τὰς
1166 2084 1440 2153 ὑπωρείας
1489 2085 1661 2136 ε”κειτο
1709 2097 1841 2152 συγ-

155 2173 573 2243 κεκαλυμμένος.
650 2171 826 2226 ἐδόκει
866 2169 926 2225 δὲ
967 2173 1111 2241 ὅμως
1150 2172 1178 2225 6
1219 2174 1477 2241 βασιλεὺς
1521 2171 1629 2224 ὑπὸ
1676 2177 1842 2240 ψιλῆς

155 2271 250 2332 τῆς
288 2263 464 2325 αἰτίας
501 2264 843 2332 φαυλότερόν
877 2261 883 2330 Ι
917 2281 983 2328 με
1021 2262 1279 2330 ἡγεῖσθαι
1318 2261 1408 2314 καὶ
1446 2268 1610 2314 τοῦτο
1642 2262 1777 2314 πάν-
1809 2273 1850 2316 R
1872 2276 1926 2316 70

278 2428 302 2466 7
334 2423 417 2479 Ep.
451 2427 536 2467 407
660 2426 715 2466 10
746 2421 926 2466 Γάλλον
958 2421 1014 2465 cf.
1047 2421 1197 2464 Amm.
1230 2421 1259 2464 1.
1292 2421 1322 2465 l.

277 2574 302 2612 3
336 2569 359 2614 ὃ
393 2570 444 2614 δὲ
477 2571 689 2629 βασιλεὺς
718 2569 881 2626 ἡσθεὶς
911 2569 1013 2612 Mor
1164 2574 1189 2612 5
1223 2569 1288 2619 εἰς
1319 2583 1394 2613 om
1425 2570 1469 2613 L
1621 2573 1644 2611 7
1681 2566 1842 2613 τοίνυν

158 2645 235 2686 μοι
268 2629 317 2673 ἐν
348 2630 393 2672 Β
422 2629 428 2687 Ι
455 2646 532 2686 μοι
563 2643 638 2672 om
669 2631 713 2673 L
745 2631 792 2672 et
821 2629 870 2672 in
901 2629 1070 2672 lacuna
1101 2628 1242 2671 trium
1272 2628 1534 2672 litterarum
1566 2629 1612 2672 B
1710 2633 1734 2671 9
1769 2631 1843 2672 δε-

159 2688 434 2738 δειπνικὼςῖ
535 2693 588 2731 10
619 2688 700 2732 τὸν
732 2686 921 2747 βασιλέα
954 2687 1041 2731 del.
1077 2700 1196 2731 cens.
1230 2687 1387 2731 Gasda
1421 2689 1427 2743 Ι
1466 2687 1655 2743 δραμὼν
1687 2700 1787 2730 corr
1818 2700 1843 2730 e

160 2746 338 2803 δραμὸν
373 2746 436 2790 02
529 2753 582 2790 12
614 2748 851 2804 χρώμενοσ
880 2748 924 2791 L
1018 2751 1069 2789 17
1104 2745 1154 2791 δὲ
1187 2747 1436 2804 [βασιλεὺς]
1468 2746 1570 2789 Mor
1662 2750 1714 2789 18
1747 2744 1844 2790 οἰό-

160 2821 315 2861 μενον,
348 2803 417 2849 ὅτι
447 2805 775 2862 πεμφθήσεται
807 2806 872 2856 εἰς
901 2806 953 2849 τὸ
987 2804 1304 2861 δικαστήριον·
1350 2803 1449 2849 ἀλλ’
1485 2805 1587 2848 Mor
1620 2806 1626 2861 Ι
1670 2805 1845 2854 ἐκεῖνος

160 2863 184 2907 ὁ
216 2862 472 2919 νεανίσκος,
502 2863 589 2920 ὑφ’
615 2865 717 2909 Mor
832 2870 884 2908 19
918 2864 1107 2920 ἤλπιζον
1138 2865 1302 2921 scripsi
1334 2878 1359 2908 e
1383 2865 1467 2908 VL
1498 2864 1608 2907 Ferr
1639 2863 1688 2906 in
1711 2877 1845 2920 marg

161 2924 349 2966 auctore
378 2922 447 2966 Re
522 2922 707 2978 ἤλπιζεν
738 2924 913 2969 AC'PB
946 2923 1036 2967 edd
1071 2926 1077 2979 Ι
1119 2924 1440 2980 ἀκολουθῆσαι
1472 2924 1515 2967 L
1650 2927 1704 2965 21
1737 2923 1843 2977 περὶ

160 2981 324 3038 scripsi
356 2995 380 3025 e
400 2983 481 3026 VL
540 2982 670 3038 παρὰ
692 2983 875 3028 ACPB
907 2982 998 3026 edd
1090 2987 1144 3025 22
1175 2982 1257 3026 τὸν
1290 2981 1479 3041 βασιλέα
1511 2982 1611 3025 Mor
1638 2984 1644 3038 Ι
1671 2981 1765 3025 ἀπὸ
1797 2982 1843 3026 Β

1520 3055 1577 3098 9*
