2026 3168
180 121 286 173 256
721 121 948 165 LIBANH
980 120 1320 173 ORATIONES

180 257 212 325 ἡ
265 260 549 327 περιεργία
602 257 881 325 βούλεται;
936 257 1037 310 οὐκ
1092 258 1199 326 εἰμὶ
1231 261 1237 266 ’
1253 259 1354 326 μὲν
1405 268 1518 312 τῶν
1571 260 1861 328 δυνάμεων

180 346 398 413 ἡγεμὼν
443 345 574 397 οὐδὲ
621 343 959 413 ἐκοινώνησα
1004 354 1114 397 τῶν
1160 344 1221 398 ἐν
1272 344 1459 416 Θρᾴκῃ
1510 347 1861 417 παρατάξεων

181 434 308 486 οὔτε
347 434 420 496 ὡς
458 434 756 502 στρατηγὸς
795 434 922 486 οὔτε
961 434 1033 496 ὡς
1073 435 1427 504 στρατιώτης,
1478 435 1594 489 ἀλλ’
1633 435 1753 489 οὐδ’
1792 435 1861 490 ἂν

182 522 285 574 ἀπὸ
326 521 563 590 δένδρου
602 522 782 575 ποθὲν
819 521 1039 590 ὑψηλοῦ
1078 523 1179 591 τὴν
1216 522 1358 576 θέαν
1404 526 1608 593 ἤνεγκα
1653 524 1723 578 ἂν
1767 533 1862 594 τῆς

137 631 156 664 5
181 611 415 678 μεγάλης
460 610 669 679 ἐκείνης
714 611 908 680 μάχης,
965 610 1080 664 ἀλλ’
1121 611 1263 679 ὅμως
1310 612 1549 676 ἀκούσας
1593 621 1687 682 τῆς
1727 627 1862 681 συμ-

179 701 346 766 βολῆς
384 699 444 750 τὸ
483 698 652 768 πέρας
690 701 751 752 τό
789 719 846 752 τε
885 699 1134 766 μέτωπον
1164 698 1366 769 ἔπληξα
1396 700 1487 754 καὶ
1519 711 1631 755 τῶν
1660 711 1863 772 τριχῶν

180 790 329 840 ἔτιλα
367 788 455 840 καὶ
494 789 589 850 τὰς
620 789 795 851 αἰτίας
825 789 963 857 πρὸς
994 787 1231 857 ἐμαυτὸν
1263 787 1491 857 ἐξήτασα
1521 799 1632 843 τῶν
1661 800 1861 858 κακῶν,

180 871 260 928 ὧν
297 884 391 945 τῆς
427 876 717 945 ὑστεραίας
754 878 846 930 καὶ
889 878 1025 946 πρὸς
1071 879 1271 940 ἄλλους
1319 877 1641 946 έμνήσθην.’
1692 879 1861 949 ἡμάρ-

180 984 348 1017 τανον
388 960 495 1018 οὖν
529 966 767 1029 τούτοις;
806 966 896 1018 καὶ
935 969 1018 1028 τίς
1055 965 1084 1018 ὁ
1124 974 1287 1019 τοῦτο
1329 969 1546 1035 φήσων;

114 1075 157 1107 10
291 1052 375 1105 54.
432 1054 512 1106 Οὐ
552 1055 801 1121 βουλεύω
841 1053 958 1123 μέν,
999 1053 1114 1109 ἀλλ’
1154 1055 1381 1123 άφεῖμαι
1419 1064 1536 1118 ταῖς
1573 1056 1697 1124 περὶ
1734 1057 1865 1118 τοὺς

181 1144 383 1210 λόγους
421 1146 733 1212 φροντίσιν,
774 1145 1050 1212 ἄχθεσθαι
1089 1144 1150 1196 δὲ
1189 1143 1365 1207 ἔξεστί
1399 1165 1493 1213 μοι
1532 1143 1623 1197 καὶ
1658 1152 1722 1214 τῇ
1753 1153 1864 1198 τῶν

180 1233 567 1298 βουλευόντων
603 1235 766 1302 πενία
812 1233 904 1285 καὶ
941 1239 1015 1304 τῷ
1050 1242 1161 1285 τῶν
1198 1241 1312 1295 τοῖς
1351 1234 1620 1302 ἄρχουσιν
1664 1233 1864 1302 ὑπηρε-

180 1320 429 1373 τούντων
467 1320 703 1392 πλούτῳ,
745 1317 823 1373 ὧν
863 1323 1001 1374 ἔνιοι
1040 1320 1239 1391 πέρυσι
1278 1322 1409 1391 κρέα
1440 1326 1770 1390 πωλοῦντες,
1811 1323 1864 1378 οἱ

183 1405 244 1460 δὲ
284 1409 499 1479 ἄρτους,
540 1411 594 1462 οἱ
633 1410 693 1462 δὲ
732 1411 939 1478 λάχανα
976 1418 1095 1472 ταῖς
1132 1409 1359 1463 ἐκείνων
1394 1411 1609 1473 οὐσίαις
1638 1411 1864 1479 μεγάλοι

115 1518 157 1550 15
182 1496 501 1566 γεγένηνται
541 1499 663 1567 περὶ
703 1507 859 1567 τιμῆς
899 1499 1065 1551 οὐδὲν
1105 1498 1500 1567 διενεχθέντες·
1549 1507 1814 1561 τοσοῦτος
1855 1496 1862 1570 Ι

93 1598 239 1641 R190
272 1586 459 1648 αὐτοῖς
498 1586 648 1639 ἐστιν
687 1587 715 1640 ὁ
757 1589 972 1656 χρυσός.
1049 1587 1134 1639 55.
1190 1589 1243 1640 οἱ
1283 1588 1344 1640 δὲ
1381 1586 1472 1640 καὶ
1519 1594 1595 1659 τῷ
1641 1587 1863 1656 μεγέθει

181 1684 294 1728 τῶν
325 1677 517 1728 οἰκιῶν
548 1680 787 1728 λυποῦσι
818 1678 947 1738 τοὺς
979 1677 1227 1744 γείτονας
1258 1677 1360 1728 οὐκ
1392 1675 1585 1738 ἐῶντες
1613 1684 1709 1744 τῆς
1740 1676 1865 1745 ἡμέ-

183 1783 283 1832 ρας
320 1763 620 1816 ἀπολαύειν
658 1770 930 1834 καθαρῶς.
1007 1759 1100 1817 εἶτ’
1140 1764 1340 1818 ἐκεῖνοι
1387 1765 1489 1831 μὲν
1535 1762 1701 1817 οὐδὲν
1748 1765 1865 1818 ἀδι-

181 1861 301 1905 κεῖν
340 1866 429 1904 σοι
470 1854 699 1905 δοκοῦσι
738 1861 802 1923 τῇ
842 1856 1113 1924 μεταβολῇ
1164 1854 1254 1905 καὶ
1303 1862 1421 1915 ταῖς
1465 1862 1576 1906 τῶν
1620 1855 1866 1923 πραγμά-

116 1962 158 1993 20
183 1961 294 1993 των
333 1942 633 2010 διορυχαῖς,
675 1945 725 1994 εί
762 1941 827 1994 δέ
861 1962 943 2005 τις
981 1942 1068 1995 ἐπὶ
1107 1943 1325 2005 τούτοις
1363 1942 1427 1995 οὐ
1470 1943 1700 1995 δύναται
1739 1956 1866 1995 σιω-

183 2038 311 2097 πᾶν,
367 2032 630 2098 φορτικὸς
680 2026 839 2093 οὗτός
893 2030 1007 2084 ε’στι
1054 2030 1144 2083 καὶ
1192 2031 1386 2100 βαρύς;
1462 2030 1547 2084 56.
1604 2031 1739 2084 ἀλλὰ
1794 2033 1863 2082 σὺ

302 2179 327 2217 5
359 2175 508 2219 Amm.
535 2175 682 2219 XXXI
716 2181 768 2218 13

304 2298 358 2337 10
390 2295 604 2351 ἀφεῖμαι]
637 2301 717 2338 τοῦ
751 2295 986 2352 βουλεύειν
1019 2295 1194 2347 ἔξωθεν
1226 2293 1483 2351 νοουμένου
1508 2295 1551 2337 V
1679 2297 1734 2336 20
1766 2295 1863 2336 διο-

186 2354 364 2409 ρυχαῖς]
399 2352 502 2407 ἤτοι
533 2353 740 2408 ζητήσεσι
771 2354 850 2397 καὶ
880 2352 1140 2409 περινοίαις
1165 2355 1207 2397 V

304 2477 326 2514 1
359 2469 608 2528 περιαργία
648 2471 740 2526 Π(ε
771 2471 840 2514 111²
873 2485 1013 2527 supra
1044 2473 1091 2528 α)
1123 2473 1158 2515 Ι
1187 2474 1191 2527 Ι
1221 2469 1491 2526 δυναμένων
1525 2471 1568 2513 V
1696 2475 1721 2512 3
1755 2469 1863 2513 οὐδὲ

195 2532 346 2575 UIMo
378 2530 499 2573 Fabr
526 2533 531 2587 Ι
561 2528 618 2573 ἂν
651 2543 725 2573 om
752 2532 903 2575 UIMo
935 2531 1057 2573 Fabr
1176 2535 1203 2572 4
1234 2529 1386 2574 ποθὲν
1417 2543 1491 2572 om
1520 2530 1591 2573 UI
1698 2534 1722 2571 5
1756 2543 1863 2584 συμ-

185 2635 350 2691 βουλῆς
383 2635 466 2677 Mo
558 2638 582 2676 6
615 2649 662 2677 τε
695 2649 767 2677 om
800 2633 868 2676 Re
961 2638 984 2676 7
1019 2591 1141 2677 ἕτιλα
1184 2634 1225 2676 V
1255 2635 1291 2688 (λ
1326 2643 1561 2687 Suprassfflff.⁷
1583 2647 1607 2675 r
1635 2632 1639 2689 Ι
1669 2630 1863 2685 ἐξήτασα

186 2692 349 2748 scripsi
380 2706 404 2735 e
439 2693 675 2736 CAPBM
747 2691 939 2748 ἐζήτησα
974 2695 1057 2736 Mo
1135 2691 1324 2747 ἐζήτησα
1367 2692 1486 2735 VUI
1510 2691 1600 2733 edd
1743 2695 1768 2733 8
1810 2689 1864 2732 ἄλ

184 2754 289 2801 λους
321 2765 424 2794 cum
455 2763 617 2793 rasura
651 2756 672 2793 1
700 2751 771 2793 vel
797 2756 820 2793 2
854 2751 1115 2794 litterarum
1145 2752 1251 2806 posss
1282 2753 1305 2792 λ
1336 2749 1464 2805 prius
1489 2751 1533 2792 A
1642 2754 1693 2791 11
1729 2747 1774 2793 δ’
1796 2749 1863 2791 Re

247 2815 299 2852 12
332 2813 394 2869 τῷ
420 2824 494 2853 om
521 2811 565 2854 U
588 2809 712 2852 inser
736 2809 792 2853 Ι62
820 2812 824 2866 Ι
864 2810 1057 2867 ἄρχουσι
1081 2811 1115 2852 Ι
1230 2813 1283 2851 13
1308 2807 1499 2864 πέρυσιν
1527 2809 1605 2852 C‘A
1687 2806 1863 2863 πέρσην

188 2871 271 2912 Mo
423 2873 476 2912 16
518 2869 638 2912 ἔστιν
678 2882 731 2911 ex
771 2869 863 2912 ἐστι
910 2883 1011 2912 corr
1049 2867 1104 2911 12
1250 2871 1302 2910 18
1342 2870 1565 2922 καθαρῶς
1610 2866 1863 2910 ἀπολαύειν

187 2929 297 2971 BM
334 2929 340 2984 Ι
391 2923 489 2971 εἶτα
521 2929 631 2972 ΒΜ
777 2932 830 2969 21
870 2944 898 2970 υ
930 2927 979 2970 in
1011 2928 1065 2970 σὺ
1098 2940 1151 2969 ex
1185 2943 1228 2969 οι-
1262 2940 1362 2970 eorl·
1395 2927 1461 2969 Vr
