2026 3168
689 163 917 208 LLBANII
948 162 1290 208 ORATIONES
1725 163 1830 214 271

269 299 350 353 10.
391 300 460 352 Τί
487 294 603 366 οὖν,
635 300 684 352 εἰ
713 299 786 368 μὴ
818 307 1011 364 ταῦτα;
1040 299 1144 368 ὀὐχ
1174 298 1285 368 ὁρῶ
1316 301 1447 362 τοὺς
1476 298 1639 361 νέους
1666 299 1836 351 ἅπαν-

153 408 249 451 τας
286 386 525 459 ἐρῶντας
569 397 682 441 τῶν
727 386 1043 451 ἐπιδείξεων
1087 388 1220 441 οὐδὲ
1266 388 1500 456 εἰδότας,
1552 388 1581 441 ὅ
1621 406 1674 439 τι
1718 385 1835 440 ἐστὶ

152 478 214 530 τὸ
245 475 522 547 ἡμέτερον.
580 474 671 529 καὶ
702 477 903 529 τούτου
934 477 1190 545 λαμπρὰν
1220 475 1546 545 ἐποιήσαντο
1577 477 1679 544 τὴν
1701 475 1836 529 ἀπό-

152 563 327 628 δειξιν
363 561 460 634 ἦρί
492 585 553 618 τε
598 566 689 618 καὶ
735 575 1000 635 χειμῶνος
1045 564 1150 618 κάν
1197 573 1314 628 τοῖς
1360 563 1422 618 ἐν
1468 562 1702 636 ἑκατέρω
1748 566 1837 616 λό·

151 673 284 722 γοις.
364 654 446 706 11.
495 662 745 707 σκοπεῖτε
784 652 866 707 δέ·
905 656 1096 706 καλεῖν
1132 654 1336 706 κελεύω
1375 655 1506 716 τοὺς
1543 652 1705 716 νέους
1747 651 1827 705 ἐπ’
1851 691 1855 695 -
1883 672 1902 705 5

151 742 433 813 ἀκρόασιν.
510 742 736 812 δραμὼν
773 741 804 795 ὁ
843 749 972 804 παῖς
1009 749 1173 795 τοῦτο
1211 750 1370 795 ποιεῖ.
1448 742 1502 794 οἱ
1549 740 1598 794 δ’
1644 742 1711 794 οὐ
1751 762 1837 811 μι-

151 839 386 898 μοῦνται
424 832 523 885 τὸν
560 830 775 884 ἐκείνου
815 832 1041 900 δρόμον,
1091 830 1162 884 ὃν
1207 831 1320 884 ἔδει
1364 836 1439 903 τῷ
1475 829 1605 900 παρ’
1653 830 1837 884 αὑτῶν

152 918 242 973 καὶ
296 928 476 988 νικᾶν,
530 918 648 972 ἀλλ’
685 920 741 973 οἱ
792 916 895 988 μὲν
950 918 1011 972 ἐν
1059 928 1179 983 ταῖς
1224 918 1390 992 ᾠδαῖς
1438 917 1719 988 μένουσιν,
1773 917 1837 982 ἃς

153 1015 340 1062 ἰσασιν
378 1010 635 1078 ἅπαντες,
685 1009 737 1062 οἱ
779 1006 826 1060 δ’
866 1007 928 1061 ἐν
966 1010 1289 1078 φλυαρίαις,
1335 1009 1391 1061 οἱ
1432 1006 1481 1060 δ’
1519 1007 1581 1061 ἐν
1618 1007 1839 1076 γέλωσι,

150 1105 247 1166 τῆς
296 1098 363 1151 δὲ
413 1096 477 1150 ἐν
529 1098 748 1160 τούτοις
806 1098 1149 1167 βραδυτῆτος
1207 1099 1356 1166 παρὰ
1410 1106 1523 1150 τῶν
1577 1096 1838 1166 ὁρώντων
1859 1117 1905 1150 10

152 1185 631 1256 κατηγορουμένης
662 1191 718 1239 εἴ
741 1203 875 1239 ποτε
905 1184 996 1239 καὶ
1028 1193 1218 1254 γνοῖεν
1248 1187 1542 1254 εἰσελθεῖν,
1575 1187 1710 1238 κατὰ
1740 1186 1836 1248 τὰς

150 1276 372 1344 νύμφας
408 1276 732 1343 βαδίζουσιν
768 1276 828 1343 ἤ,
878 1276 940 1328 τό
979 1293 1042 1343 γε
1079 1274 1475 1345 ἀληθέστερον,
1525 1275 1660 1327 κατὰ
1705 1276 1837 1336 τοὺς

151 1362 239 1417 ἐπὶ
277 1373 389 1417 τῶν
426 1364 609 1417 κάλων
650 1365 850 1432 ἰόντας,
891 1366 1026 1434 πρίν
1064 1383 1122 1416 τε
1160 1369 1290 1417 εἴσω
1329 1369 1527 1434 θυρῶν
1566 1357 1708 1416 εἶναι
1745 1363 1836 1415 καὶ

150 1453 512 1520 εἰσελθόντες,
542 1450 671 1505 ὥστ’
700 1448 844 1504 εἶναι
875 1460 990 1515 τοῖς
1017 1450 1022 1521 Ι
1052 1451 1390 1522 καθημένοις
1421 1452 1748 1520 ἀγανακτεῖν
1776 1464 1819 1507 Β,
1839 1468 1925 1508 200

149 1541 293 1595 οὕτω
332 1540 702 1608 βλακεύοντας
741 1539 1079 1610 ἀναμένουσι
1116 1540 1292 1604 νέους.
1364 1541 1447 1593 12.
1486 1542 1578 1594 καὶ
1604 1532 1836 1593 τοιαῦτα
1859 1561 1901 1595 15

148 1630 251 1699 μὲν
287 1631 355 1682 τὰ
390 1630 499 1700 πρὸ
537 1637 637 1682 τοῦ
676 1631 864 1698 λόγου,
904 1629 1204 1699 λεγομένου
1245 1630 1307 1683 δὲ
1344 1630 1451 1698 ἤδη
1489 1630 1579 1682 καὶ
1618 1630 1836 1682 δεικνυ-

149 1717 321 1788 μένου
360 1719 536 1770 πολλὰ
573 1714 676 1785 μὲν
714 1718 956 1787 νεύματα
1000 1719 1138 1787 πρὸς
1183 1717 1454 1787 ἀλλήλους
1498 1714 1636 1787 ὑπὲρ
1687 1717 1835 1785 ἡνιό-

152 1827 267 1877 χων
310 1806 402 1860 καὶ
449 1809 632 1875 μίμων
676 1805 768 1859 καὶ
814 1807 998 1860 ἵππων
1046 1807 1137 1860 καὶ
1192 1807 1492 1876 ὀρχηστῶν,
1544 1807 1720 1859 πολλὰ
1774 1806 1836 1859 δὲ

151 1895 291 1966 ὑπὲρ
330 1895 502 1964 μάχης
538 1894 572 1964 ἢ
613 1893 912 1964 γενομένης
947 1894 982 1964 ἢ
1020 1896 1338 1964 μελλούσης.
1411 1895 1492 1948 13.
1531 1897 1612 1948 ἔτι
1642 1897 1836 1948 τοίνυν

151 1985 206 2038 οἱ
243 1985 345 2054 μὲν
385 1982 594 2051 ἑστᾶσι,
642 1986 885 2047 λιθίνοις
922 1983 1182 2053 ἐοικότες,
1233 1991 1422 2057 καρπῷ
1462 1984 1675 2052 καρπὸν
1718 1982 1835 2036 ἑπι-
1858 2006 1902 2038 20

150 2073 472 2141 βάλλοντες,
524 2074 576 2125 οἱ
624 2071 673 2125 δ’
713 2071 938 2143 ἑκατέρᾳ
983 2072 1124 2144 χειρὶ
1163 2074 1258 2136 τὰς
1297 2073 1453 2143 ῥῖνας
1490 2071 1835 2141 ἐνοχλοῦσιν,

149 2162 207 2213 οἱ
253 2158 314 2214 δὲ
365 2161 637 2229 κάθηνται
686 2162 970 2214 τοσούτων
1016 2163 1199 2215 ὄντων
1247 2171 1359 2214 τῶν
1407 2162 1731 2229 κινούντων,
1781 2161 1835 2213 οἱ

269 2339 323 2378 21
359 2335 415 2378 cf.
451 2335 637 2391 Scriptt.
670 2335 915 2393 physiogn.
950 2336 991 2379 Π
1019 2341 1116 2391 134,
1144 2341 1199 2380 15

272 2503 293 2541 1
329 2496 457 2542 ἅπαν
482 2500 517 2542 Ι
579 2498 760 2550 πάντας
791 2499 836 2544 U
919 2504 944 2542 2
979 2496 1085 2543 οὐδ’
1119 2499 1285 2543 PVIB
1313 2499 1319 2557 1
1349 2495 1417 2542 ὅτι
1448 2500 1566 2543 ΡΙΒ
1657 2503 1682 2541 3
1716 2496 1832 2542 ἀπό-

151 2557 296 2610 δειξιν
336 2556 502 2613 scripsi
539 2570 595 2601 ex
633 2557 749 2602 UIB
837 2557 1006 2613 reliqui
1038 2556 1260 2611 ἐπίδειξιν
1410 2562 1437 2601 4
1468 2552 1580 2614 ἦρος
1617 2558 1660 2601 V
1696 2560 1702 2614 Ι
1744 2557 1833 2601 κᾶν

150 2623 248 2666 τοῖς
279 2617 323 2660 V
441 2621 466 2660 6
499 2615 552 2660 οἴ
574 2617 621 2660 Ρ
655 2618 836 2684 <acutus
875 2619 1034 2661 tamen
1070 2617 1140 2660 m³
1169 2617 1219 2660 in
1257 2619 1349 2674 ras)
1383 2619 1431 2661 et
1462 2618 1507 2661 V
1622 2621 1646 2659 7
1678 2617 1833 2660 αὑτῶν

150 2674 315 2731 scripsi
383 2676 537 2719 αὐτῶν
568 2675 677 2718 libr:
707 2675 799 2720 edd
935 2680 961 2718 9
994 2675 1065 2719 bis
1098 2674 1151 2719 οῖ’
1173 2677 1220 2720 P
1247 2677 1428 2733 (acutus
1466 2677 1625 2720 tamen
1658 2675 1709 2718 in
1738 2677 1831 2732 ras)

152 2735 200 2777 et
236 2733 308 2789 V!
335 2732 524 2791 γέλωσιν
557 2735 603 2778 Β
731 2739 786 2778 10
817 2732 863 2778 δ’
899 2735 968 2778 Re
994 2738 1001 2791 Ι
1028 2735 1135 2790 περὶ
1165 2737 1200 2779 Ι
1322 2740 1374 2779 11
1408 2750 1497 2779 ποτ
1526 2735 1575 2778 in
1604 2749 1718 2778 ποτε
1748 2733 1832 2777 ab·

149 2794 335 2848 raptum
374 2794 422 2836 et
450 2808 509 2836 m.
542 2806 631 2838 rec.
665 2795 730 2851 (p)
769 2807 995 2850 suprapos
1022 2794 1061 2838 G
1181 2798 1235 2837 12
1268 2793 1580 2852 ἀληθέστερον
1612 2793 1761 2838 εἰπεῖν
1794 2793 1837 2836 V

213 2855 265 2894 19
312 2850 555 2908 γινομένης
591 2855 627 2896 Ι
762 2857 817 2896 20
863 2855 1041 2896 λυθινοι
1079 2854 1112 2896 Ι
1197 2851 1351 2905 λίθοις
1408 2852 1565 2897 Gasda.
1610 2850 1831 2907 ἀνδριάσι

149 2907 352 2960 λιθίνοις
382 2910 487 2954 corni
508 2910 611 2955 Mor
636 2914 642 2968 Ι
672 2907 878 2962 ΐοικότες
902 2912 948 2956 Β
975 2910 1179 2964 ἐοικότες
1202 2913 1237 2956 Ι
1256 2914 1262 2969 Ι
1290 2912 1472 2967 καρπὸν
1502 2917 1664 2967 καρπῶ
1696 2911 1771 2954 ΙΒ

153 2973 206 3012 21
241 2966 294 3013 οἷ’
309 2970 355 3012 Ρ
382 2970 563 3026 (acutus
591 2970 678 3027 111³)
710 2972 759 3014 et
783 2971 855 3015 VI
875 2972 881 3028 Ι
910 2969 1103 3026 ἑκατέρα
1133 2977 1188 3027 τῆ
1218 2971 1335 3028 χειρὶ
1360 2973 1395 3015 Ι
1414 2973 1419 3027 Ι
1448 2970 1740 3028 ἐνοχλοῦντες
1763 2969 1831 3012 Re
