2026 3168
688 111 915 155 LIBANII
947 110 1288 156 ORATIONES
1763 111 1830 164 19

264 252 368 299 184
430 249 552 317 πρὸς
589 250 884 317 τιμοκράτην
1024 249 1088 316 ft}

261 340 392 387 186v
430 337 553 405 ὑπὲρ
592 340 868 389 θαλασσίου
1019 339 1085 403 μδ

261 414 363 462 193
427 411 536 479 περὶ
575 421 671 461 τῶν
710 418 983 478 συνθηκῶν
1197 411 1262 477 μὲ

261 488 363 535 196
426 486 495 545 εἰς
533 485 800 536 εὐστάθιον
839 487 924 538 τὸν
962 494 1088 552 κᾶρα
1202 485 1269 551 μξ

260 577 390 624 196*
428 575 551 642 πρὸς
590 574 673 624 τὸν
713 574 912 640 βασιλέα
950 573 1058 640 περὶ
1096 582 1192 624 τῶν
1232 575 1491 639 δεσμωτῶν
1619 577 1682 639 μζ

260 651 361 698 201
427 649 548 697 κατὰ
587 650 888 716 φλωρεντίου
1093 648 1159 714 μῆ

258 739 361 786 206
426 736 535 804 περὶ
572 744 670 786 τῶν
708 745 1015 805 προστασιῶν
1092 742 1167 802 μθ

257 813 358 859 211
419 811 541 879 πρὸς
580 810 669 875 τὴν
708 811 896 876 βουλήν
1091 811 1122 860 ὗ

257 887 360 933 216
427 883 548 952 ὑπὲρ
589 892 685 934 τῶν
724 893 951 952 γεωργῶν
990 884 1099 952 περὶ
1137 892 1234 935 τῶν
1272 883 1546 952 ἆγγαρειῶν
1658 885 1721 934 νᾶ

259 976 391 1022 22οῩ
431 973 555 1040 πρὸς
593 974 677 1024 τὸν
716 972 914 1038 βασιλέα
1055 975 1119 1039 νβ

257 1050 388 1096 224*7
427 1047 550 1114 πρὸς
588 1047 672 1096 τὸν
711 1045 909 1112 βασιλέα
948 1047 1069 1096 κατὰ
1115 1055 1211 1097 τῶν
1257 1048 1685 1115 προσεδρευόντων
1731 1052 1832 1108 τοῖς

141 1119 344 1187 ἄρχουσι
494 1120 555 1187 v?

255 1197 386 1244 228v
426 1195 705 1262 σωκράτους
745 1193 983 1261 ἀπολογία
1096 1195 1158 1244 νδ

139 1286 316 1333 parum
362 1271 556 1333 integra
604 1286 757 1332 aeque
804 1272 953 1332 atque
1000 1272 1053 1317 in
1093 1269 1338 1318 Chisiano.
1416 1270 1546 1318 Nam
1591 1271 1675 1319 fol.
1723 1272 1828 1319 228

141 1344 320 1392 desinit
351 1359 469 1391 voce
501 1343 741 1410 πρόνοιαν
772 1343 849 1391 ΠΙ
884 1345 931 1404 2,
965 1345 1012 1406 8,
1051 1344 1135 1392 fol.
1171 1346 1275 1392 229
1308 1343 1486 1406 incipit
1515 1360 1635 1393 voce
1655 1340 1830 1409 ’Ἁ]νυ-

140 1435 220 1475 τος
262 1419 346 1479 50,
381 1418 448 1465 28
490 1418 627 1466 nullo
667 1419 872 1466 lacunae
918 1418 1116 1466 indicio.
1194 1418 1337 1466 Folia
1379 1419 1485 1466 230
1526 1421 1575 1466 et
1615 1420 1716 1467 231
1760 1420 1830 1467 lo-

141 1507 251 1539 cum
289 1495 622 1540 mutaverunt.

252 1567 383 1614 233*
422 1564 544 1632 πρὸς
581 1565 666 1615 τὸν
705 1562 904 1630 βασιλέα
942 1564 1150 1632 εἰσφορὰ
1180 1565 1338 1630 νόμου
1370 1564 1492 1614 κατὰ
1523 1572 1619 1614 τῶν
1652 1564 1855 1616 εἶσιόν--

73 1645 76 1650 ’
141 1657 238 1688 των
277 1638 347 1697 εἰς
385 1638 470 1698 τὰς
509 1646 605 1688 τῶν
643 1637 893 1706 ἀρχόντων
933 1639 1217 1705 καταγωγάς
1367 1638 1430 1688 v?

248 1720 394 1769 Folia
436 1722 542 1769 234
584 1723 633 1768 et
673 1722 777 1769 235
820 1722 986 1769 locum
1023 1723 1355 1770 mutaverunt.

254 1803 362 1850 240
427 1800 536 1868 περὶ
574 1809 671 1850 τῶν
711 1800 763 1851 ἐν
801 1806 906 1861 ταῖς
945 1800 1132 1869 ἑορταῖς
1170 1801 1389 1866 κλήσεων
1502 1799 1582 1858 v?

250 1890 382 1936 243*
421 1888 544 1955 πρὸς
581 1888 848 1938 εὐστάθιον
888 1888 997 1956 περὶ
1035 1897 1133 1939 τῶν
1171 1898 1324 1954 τιμῶν
1499 1893 1557 1951 νζ

251 1964 354 2011 251
421 1963 543 2030 πρὸς
583 1961 867 2022 ἀναξέντιον
1017 1963 1082 2028 νῆ

250 2053 382 2100 253*
420 2050 540 2100 κατὰ
578 2054 844 2101 λουκιανοῦ
1011 2056 1084 2101 νθ

254 2142 385 2188 256ν
423 2139 545 2188 κατὰ
584 2140 798 2207 σευήρου
1018 2142 1043 2201 ξ

250 2216 352 2262 262
418 2214 541 2281 πρὸς
579 2214 693 2274 τοὺς
732 2212 876 2273 νέους
915 2213 1026 2282 περὶ
1064 2221 1151 2264 τοῦ
1189 2214 1403 2279 τάπητος
1587 2214 1645 2275 ξᾶ

244 2302 439 2351 Folium
488 2304 620 2351 265v
667 2306 816 2366 atque
862 2303 955 2352 hoc
1002 2304 1199 2366 quidem
1244 2306 1379 2353 totus
1435 2303 1585 2353 codex
1647 2304 1831 2354 desinit

135 2377 336 2425 vocibus
375 2394 423 2426 τε
462 2376 600 2444 παρώ
641 2371 741 2443 (ΠΙ
782 2379 904 2439 270,
940 2371 1010 2445 1).
1086 2378 1299 2441 Reliqua
1337 2381 1604 2442 perierunt.

246 2465 339 2513 Sex
386 2467 633 2514 orationes
682 2459 814 2533 (περὶ
860 2472 959 2514 τῶν
1005 2473 1328 2532 προστασιῶν,
1379 2464 1501 2533 ὑπὲρ
1539 2474 1638 2515 τῶν
1675 2466 1854 2533 γεωρ-’

132 2546 234 2604 γῶν
280 2537 389 2604 περὶ
434 2546 532 2588 τῶν
578 2537 864 2606 ἀγγαρειῶν,
920 2537 1028 2605 περὶ
1075 2547 1171 2589 τῶν
1222 2540 1498 2604 δεσμωτῶν,
1553 2539 1675 2588 κατὰ
1732 2548 1829 2589 τῶν

134 2610 386 2661 εἰσιόντων
425 2611 495 2671 εἰς
529 2611 614 2672 τὰς
645 2620 742 2662 τῶν
773 2611 1024 2679 ἀρχόντων
1055 2614 1354 2680 καταγωγάς,
1395 2612 1516 2663 κατὰ
1547 2621 1644 2662 τῶν
1675 2628 1827 2681 προσ-

134 2685 435 2750 εδρευόντων
484 2690 586 2745 τοῖς
632 2685 858 2753 ἄρχουσι,
913 2684 1036 2752 ὑπὲρ
1074 2694 1172 2736 τῶν
1218 2681 1384 2755 ἱερῶν)
1435 2704 1493 2736 ex
1540 2689 1828 2752 apographo

131 2760 279 2808 huius
318 2760 498 2808 codicis
531 2761 594 2808 ab
625 2761 739 2809 Elia
770 2761 1092 2825 Ehingero,
1132 2762 1470 2810 Bibliothecae
1502 2762 1827 2826 Augustanae

134 2836 357 2881 curatore
407 2833 540 2882 facto
593 2851 742 2897 opera
787 2835 957 2884 Iacobi
1003 2834 1366 2884 Gothofredi
1415 2834 1649 2884 Coloniae
1687 2834 1825 2884 Allo-

134 2906 344 2970 brogum
397 2908 534 2955 1631
587 2912 636 2956 et
678 2910 819 2957 1634
866 2909 1027 2958 lucem
1071 2909 1314 2958 viderunt.
1394 2909 1644 2971 Septimae
1694 2902 1826 2975 (περὶ

1498 2991 1560 3033 2*
