2026 3168
164 107 273 159 242
705 106 932 150 LIBANH
964 85 1304 151 ORATIONES

164 262 340 312 μενος.
394 238 570 310 ἦλθεν
594 240 882 312 Ἀρχέλαος
918 241 945 294 ὁ
979 242 1315 311 ἀδελφιδοῦς
1334 242 1624 313 Ἀρχελάου
1657 245 1852 297 λαθών

165 350 228 400 γε
272 329 363 383 καὶ
403 329 675 399 ἐλύπησεν
721 328 906 383 ἐλθὼν
954 331 1046 383 καὶ
1094 330 1243 383 τοῦτ’
1287 333 1526 400 ἤκουσεν
1576 332 1708 385 αὐτὸ
1759 333 1851 385 καὶ

165 415 286 483 εἶξε.
364 422 630 488 Σαπῶραι
686 418 747 471 δὲ
799 417 890 471 καὶ
938 416 1163 471 Ἰούλιοι
1212 419 1302 471 καὶ
1349 421 1621 490 Βίκτωρες
1676 421 1851 491 ἀρρω-

166 515 429 570 στοῦντος
475 507 577 559 οὐκ
624 509 843 575 ἔχοντος
890 515 1093 575 φυγεῖν
1137 503 1291 576 ἧκον,
1346 507 1451 575 ἐγὼ
1500 506 1561 561 δὲ
1616 510 1692 572 εἰς
1745 516 1852 577 γῆν

121 618 141 650 5
167 595 258 649 ὑπ’
298 597 561 664 αἰσχύνης
599 593 848 663 ἔβλεπον,
890 598 1031 668 ἔργῳ
1073 597 1244 664 δῆλον
1282 606 1474 665 ποιῶν,
1514 597 1597 650 ὅτι
1627 606 1692 668 τῇ
1723 605 1850 668 τιμῇ

165 686 522 754 βαρυνοίμην.

282 773 363 825 10.
396 771 580 825 Ἀλλὰ
611 773 816 843 βαρύς
849 774 980 839 εἰμι
1013 781 1126 826 τοῦ
1162 773 1393 841 γένους
1431 774 1851 844 μεμνημένος.

167 860 286 930 ἐμοὶ
320 862 381 914 δὲ
419 861 630 931 ὑπῆρχε
667 858 769 928 μὲν
808 863 953 930 πλὴν
992 861 1198 930 ὀλίγων
1242 864 1441 931 κομιδῆ
1489 862 1671 931 λέγειν
1715 865 1853 933 πρὸς

168 952 425 1019 ἅπαντας,
464 950 537 1013 ὡς
575 949 733 1003 ἕνεκα
773 949 969 1018 γένους
1009 949 1127 1004 οὐδ’
1174 949 1520 1019 ἀντιβλέπειν
1558 953 1738 1021 ἔχοιεν
1783 950 1854 1004 ἂν

102 1062 145 1092 10
167 1040 303 1109 πρὸς
320 1037 429 1107 ἐμέ,
455 1035 612 1092 εἶπον
629 1039 690 1092 δὲ
713 1039 1061 1092 οὐδεπώποτε
1086 1036 1219 1093 οὐδὲ
1242 1039 1495 1110 ἐπήρθην
1510 1049 1627 1103 ταῖς
1647 1041 1855 1094 εἰκόσιν

169 1128 352 1181 αὐτῶν
398 1124 530 1180 οὐδὲ
575 1136 693 1190 ταῖς
739 1130 1129 1198 λειτουργίαις,
1186 1127 1302 1181 ἀλλ’
1343 1128 1530 1197 ἀρκεῖν
1568 1129 1855 1198 ἡγησάμην

167 1217 228 1269 τὸ
276 1224 446 1269 ταῦτα
491 1217 624 1285 ἡμῖν
670 1215 983 1270 συνειδέναι
1029 1218 1130 1285 τὴν
1175 1218 1356 1286 πόλιν,
1406 1226 1521 1281 τοῖς
1568 1216 1615 1270 δ’
1670 1219 1855 1280 ἄλλοις

170 1307 242 1368 ὡς
289 1305 457 1358 οὐδὲν
503 1303 865 1374 φαυλοτέροις
912 1306 990 1368 εἰς
1035 1305 1231 1374 γένους
1278 1307 1446 1373 λόγον
1492 1305 1699 1375 ὁμιλῶν
1739 1307 1855 1358 δια-

168 1397 320 1447 τελῶ.
400 1394 482 1446 11.
535 1394 760 1446 πάππου
800 1394 862 1446 δὲ
899 1395 990 1447 καὶ
1029 1393 1343 1447 ἐπιπάππου
1390 1400 1708 1463 μνησθῆναι
1754 1395 1857 1463 μὲν

104 1503 146 1536 15
173 1482 423 1551 ὁμολογῶ
462 1483 551 1535 καὶ
590 1483 869 1551 πολλάκις,
907 1488 1226 1551 μνησθῆναι
1266 1483 1327 1535 δὲ
1366 1483 1467 1536 οὐκ
1504 1482 1593 1536 ἐπὶ
1622 1483 1855 1551 τούτοις,

172 1569 287 1624 ἀλλ’
328 1570 411 1623 ὅτι
449 1576 524 1643 τῷ
556 1571 658 1638 μὲν
693 1571 784 1624 καὶ
823 1572 1055 1646 μαντικὴ
1094 1570 1310 1639 γένοιτο
1357 1571 1516 1641 τέχνη
1562 1572 1700 1640 πρὸς
1747 1571 1855 1625 ἑτέ-

173 1680 291 1727 ροις
330 1659 586 1729 ἀγαθοῖς,
632 1658 757 1729 παρ’
794 1655 858 1727 ἧς
895 1660 1178 1729 προμάθοι
1215 1660 1276 1712 τὸ
1316 1662 1508 1727 βιαίως
1547 1660 1693 1733 αὐτῷ
1726 1663 1856 1722 τοὺς

83 1761 125 1804 R
150 1765 234 1804 176
265 1748 404 1810 υἱεῖς
443 1747 852 1801 ἀποθανεῖσθαι
887 1748 894 1815 Ι
927 1750 1059 1811 τοὺς
1095 1749 1321 1817 καλούς,
1367 1748 1610 1817 θατέρου
1650 1745 1711 1801 δὲ
1756 1750 1858 1817 τὴν

173 1837 299 1906 περὶ
336 1838 468 1899 τοὺς
504 1838 705 1899 παῖδας
743 1835 1055 1906 ἐπιμέλειαν
1091 1836 1353 1899 πολλάκις
1401 1838 1729 1906 διηγούμην·
1777 1836 1850 1890 δι’

107 1947 150 1978 20
173 1927 244 1994 ’ἢν
273 1921 413 1993 ἦλθε
443 1925 545 1994 μὲν
577 1926 655 1987 εἰς
675 1924 967 1992 Ἀπάμειαν
998 1925 1178 1994 αὐτός,
1217 1927 1385 1993 ἤγαγε
1417 1926 1478 1978 δὲ
1508 1927 1696 1989 πείσας
1727 1929 1858 1978 πολ-

175 2018 291 2076 λοῖς
320 2017 556 2083 χρήμασι
589 2022 859 2082 σοφιστοῦ
893 2013 1111 2082 σθένος,
1144 2013 1388 2082 ἀπέφηνε
1417 2011 1478 2066 δὲ
1500 2016 1859 2081 θαυμαστοὺς

295 2223 319 2260 9
353 2218 407 2261 cf.
441 2234 486 2274 p.
514 2223 582 2273 80,
611 2223 664 2261 10
683 2233 750 2273 sq.
874 2223 928 2261 16
961 2218 1016 2262 cf.
1050 2233 1095 2274 p.
1123 2223 1192 2273 81,
1219 2224 1245 2261 4
1264 2233 1328 2273 sq.

295 2400 320 2438 2
354 2395 493 2446 αὐτὸς
525 2398 608 2440 Mo
641 2396 738 2452 (sed
770 2396 820 2438 in
850 2409 983 2452 marg
1015 2396 1145 2452 αὐτὸ)
1177 2396 1267 2438 edd
1296 2396 1301 2454 Ι
1329 2395 1409 2439 καὶ
1451 2395 1500 2438 in
1542 2407 1678 2451 marg
1710 2397 1795 2439 Mo

177 2513 289 2541 num
328 2498 496 2553 ἤκουσε
534 2500 614 2542 καὶ
653 2498 821 2548 αὐτὸςὶ)
972 2503 997 2541 3
1029 2501 1296 2554 Σαππῶραι
1338 2499 1406 2541 Re
1505 2470 1713 2555 fiiuv‘gpsg
1751 2499 1797 2541 A

178 2572 287 2600 num
314 2555 530 2613 Βίκτορες
546 2564 565 2601 ἶ)
594 2558 599 2615 Ι
627 2574 679 2608 ος
708 2557 757 2600 111
781 2558 1129 2613 ἀρρωστοῦντος
1150 2558 1224 2602 1³⁶
1246 2558 1296 2600 in
1319 2570 1394 2600 ras
1491 2561 1527 2610 χ4
1551 2563 1595 2599 εἴ
1614 2557 1664 2599 in
1689 2564 1857 2613 φυγεῖν

179 2617 227 2658 in
257 2629 332 2659 ras
364 2618 399 2659 Ι
409 2615 426 2640 ²
546 2621 569 2659 7
602 2615 905 2673 μεμνημένος;
937 2617 1004 2660 Re
1125 2621 1150 2659 8
1183 2615 1264 2673 μὲν
1297 2629 1371 2659 om
1407 2617 1451 2660 U
1473 2615 1596 2658 inser
1626 2617 1662 2658 I
1668 2614 1684 2639 ²
1726 2617 1732 2671 Ι
1781 2632 1856 2660 κο-

179 2678 309 2731 μιδῆι
339 2675 427 2719 AO
521 2679 574 2718 10
606 2674 716 2718 οὐδὲ
747 2676 931 2719 πώποτε
961 2675 1071 2718 libri
1103 2675 1194 2718 edd
1220 2677 1226 2731 Ι
1255 2674 1381 2731 οὐδὲ]
1409 2673 1459 2718 δὲ
1483 2675 1530 2718 Β
1621 2678 1674 2717 11
1701 2691 1718 2717 ι
1743 2674 1859 2719 alte-

178 2749 281 2776 rum
327 2734 375 2776 in
421 2732 726 2791 λειτουργίαις
771 2747 826 2777 ex
869 2750 909 2777 ει
948 2748 1049 2778 corr
1079 2733 1136 2776 1²
1269 2738 1324 2775 14
1368 2732 1642 2776 ἐπιπάππου
1688 2733 1858 2790 γράφει

178 2791 404 2850 Λιβάνιος
433 2792 520 2835 lex,
545 2791 744 2836 Vindob.
771 2807 804 2834 s.
830 2807 868 2835 v.
894 2809 939 2848 p.
966 2797 1036 2846 57,
1062 2797 1087 2835 3
1182 2796 1235 2835 15
1267 2792 1348 2835 καὶ
1379 2805 1453 2835 om
1477 2792 1545 2835 Re
1637 2796 1690 2835 16
1721 2791 1858 2850 τέχνη

181 2865 255 2894 om
283 2853 327 2896 U
403 2855 456 2894 17
488 2868 516 2907 η
548 2851 598 2893 in
621 2847 677 2905 ἧς
707 2851 756 2893 111
779 2865 853 2894 ras
879 2851 942 2894 P2
1027 2855 1081 2894 18
1112 2850 1246 2908 υἱεῖς]
1279 2851 1340 2900 ὡς
1371 2850 1436 2900 εἰς
1469 2852 1552 2894 Mo
1637 2855 1690 2894 21
1725 2865 1856 2906 σοφι-

181 2917 298 2953 στῶν
332 2915 501 2966 σμῆνος
531 2909 800 2954 MSchmidt
829 2910 994 2954 Philol.
1028 2910 1069 2952 X
1100 2914 1185 2953 409
1219 2911 1269 2952 at
1301 2909 1356 2952 cf.
1392 2913 1461 2964 86,
1497 2915 1551 2951 12
