2026 3168
210 134 316 179 VH]
879 133 1220 178 PRAEFATIO

215 276 437 323 veterum
492 275 748 322 auctorum
803 274 1148 338 cognoscendis
1204 274 1477 327 inserviret.
1569 275 1743 337 Itaque
1798 291 1896 324 non

215 350 377 398 solum
417 349 625 397 aliorum
666 345 791 411 quae
828 349 1044 410 respexit
1090 350 1384 412 scriptorum
1423 349 1577 410 dicta,
1623 349 1708 398 sed
1746 349 1898 398 etiam

217 423 405 472 scholia
437 425 487 471 et
517 424 559 471 si
596 422 871 470 intellectui
909 423 1057 471 utiles
1090 425 1244 484 erant,
1283 424 1416 472 locos
1446 424 1712 486 parallelos
1742 423 1896 485 ipsius

215 497 413 546 Libanii
465 497 770 558 aliorumque
817 497 1113 559 scriptorum
1158 496 1339 544 addidi.
1415 498 1475 545 In
1512 498 1604 545 hoc
1641 498 1816 546 ultimo
1856 497 1898 546 si
1994 487 2003 505 ¹

215 574 362 619 erunt
409 571 493 632 qui
540 572 735 634 longius
782 586 859 618 me
906 571 1136 634 progredi
1181 571 1399 633 potuisse
1439 572 1753 633 arbitrentur,
1802 572 1898 620 loci

217 645 463 710 angustiis
497 647 628 693 artos
660 644 780 692 fines
810 645 932 692 mihi
970 647 1229 709 impositos
1261 661 1427 694 secum
1463 647 1696 708 reputent
1729 647 1896 694 velint.

327 720 500 781 Neque
553 734 678 781 quae
729 718 824 767 viri
875 719 1008 767 docti
1055 722 1350 768 recentiores
1402 720 1466 768 ad
1502 720 1700 769 Libanii
1748 719 1900 768 verba

216 796 318 843 sive
365 792 737 855 interpretanda
783 795 884 842 sive
932 794 1236 842 emendanda
1284 795 1559 843 attulerunt
1596 794 1900 859 neglegenda

217 870 371 930 erant,
408 869 559 916 immo
591 883 707 915 vero
740 883 911 916 eorum
948 884 1047 917 non
1086 869 1245 916 solum
1283 869 1434 917 libros
1473 870 1749 931 impressos,
1781 883 1898 930 quo-

217 959 330 991 rum
368 957 500 1005 pars,
537 942 674 991 velut
713 942 953 990 editiones
991 943 1263 1005 peculiares
1303 943 1608 1007 singulorum
1647 943 1900 1005 opusculo.-

218 1035 331 1066 rum
361 1016 696 1077 Morellianae,
727 1016 807 1065 vel
845 1017 899 1064 in
938 1017 1286 1079 copiosissimis
1325 1018 1554 1080 Europae
1590 1017 1901 1066 bibliothecis

217 1093 467 1140 rarissime
500 1091 724 1152 occurrit,
758 1091 841 1140 sed
873 1091 1021 1139 etiam
1054 1092 1270 1153 schedas,
1304 1108 1430 1154 quae
1457 1091 1654 1154 quidem
1685 1092 1902 1140 fructum

216 1166 594 1230 pollicerentur,
645 1167 702 1213 ut
747 1165 1089 1229 Rostgaardii,
1133 1165 1324 1227 Wolfii,
1370 1165 1655 1227 D'Orvillii,
1699 1165 1903 1227 Reiskii,

219 1257 430 1303 quocum
459 1239 695 1287 Libanius
729 1239 1000 1287 amicitiam
1029 1239 1154 1288 mihi
1185 1240 1483 1301 conciliavit,
1506 1240 1733 1301 Iacobsii,
1763 1240 1902 1288 Bois-

223 1314 429 1376 sonadii,
467 1313 747 1376 Leopardii‚
788 1312 997 1375 Sinneri,
1037 1314 1253 1363 Sintenis
1293 1315 1542 1363 adeundas
1582 1330 1685 1363 esse
1724 1315 1902 1363 censui.
1999 1332 2002 1334 ’

218 1389 443 1451 Denique
498 1390 555 1435 ut
606 1390 713 1450 ipse
767 1388 1111 1437 familiaritate
1166 1404 1276 1437 cum
1330 1390 1566 1452 scriptore
1618 1404 1727 1436 meo
1777 1388 1904 1436 inita

221 1463 552 1512 emendationi
577 1462 680 1511 eius
713 1464 1056 1526 prospicerem,
1086 1479 1175 1526 pro
1206 1466 1348 1525 parte
1380 1463 1515 1512 virili
1547 1478 1747 1525 operam
1778 1461 1903 1510 dedi.

330 1538 513 1602 Magna
552 1552 668 1599 pars
705 1537 881 1584 harum
913 1553 1040 1599 quae
1078 1538 1406 1600 praestandae
1436 1539 1578 1585 erant
1614 1553 1776 1585 rerum
1806 1552 1905 1584 non

221 1613 321 1660 fuit
371 1611 530 1660 brevis
588 1612 838 1673 temporis.
921 1611 1070 1659 Haud
1120 1614 1270 1661 semel
1320 1614 1508 1660 occasio
1560 1611 1738 1660 codicis
1784 1627 1904 1659 nan-

222 1686 434 1735 ciscendi
466 1686 552 1732 diu
583 1685 925 1748 exspectanda,
962 1702 1122 1748 neque
1152 1689 1210 1734 ut
1239 1687 1420 1735 itinera
1450 1687 1676 1747 facerem,
1716 1700 1907 1747 semper

221 1762 272 1808 in
311 1776 421 1808 mea
459 1759 677 1822 positum
715 1762 823 1807 erat
859 1761 1119 1821 potestate.
1181 1760 1317 1809 Haec
1357 1777 1553 1823 quoque
1590 1775 1669 1808 res
1707 1760 1907 1823 longam

222 1835 342 1883 tulit
387 1834 697 1895 dilationem,
744 1834 874 1896 quod
919 1836 1133 1897 tempori
1177 1852 1254 1882 me
1300 1835 1374 1883 ita
1414 1835 1597 1898 optime
1644 1849 1906 1896 parsurum

226 1924 330 1957 esse
370 1908 570 1970 credidi,
608 1910 665 1956 ut
704 1923 829 1970 quae
870 1908 1034 1957 codice
1073 1911 1440 1958 continerentur
1477 1925 1577 1957 uno
1617 1908 1907 1971 praesertim

221 1985 368 2047 longe
420 1984 610 2030 remoto
666 1982 832 2031 omnia
878 1983 1183 2032 diversorum
1236 1999 1469 2048 generum
1523 1983 1707 2045 scripta
1760 1982 1906 2030 simul

225 2058 507 2106 conferrem.
587 2057 757 2104 Talem
807 2058 937 2104 enim
985 2057 1038 2105 in
1086 2058 1286 2106 modum
1324 2058 1376 2105 id
1415 2075 1492 2105 me
1531 2058 1906 2106 consecuturum

227 2147 331 2181 esse
364 2130 720 2192 existimabam,
752 2133 809 2178 ut
839 2131 990 2179 editio
1021 2134 1130 2180 tota
1160 2132 1356 2181 Libanii
1389 2131 1605 2180 Choricii
1630 2146 1724 2192 que
1757 2129 1906 2177 semel

225 2207 400 2268 coepta
444 2221 542 2253 uno
588 2207 757 2253 tenore
804 2205 866 2252 ad
913 2206 1097 2254 exitum
1141 2206 1509 2268 perduceretur,
1559 2204 1613 2252 id
1658 2203 1813 2266 quod,
1864 2205 1907 2251 si

225 2280 362 2328 Deus
401 2277 629 2342 Optimus
667 2279 910 2327 Maximus
958 2279 1081 2345 γόνυ
1131 2279 1316 2345 χλωρὸν
1361 2278 1482 2326 mihi
1528 2278 1907 2338 conservaverit,

226 2354 359 2401 haud
396 2353 593 2401 irritum
631 2354 736 2401 fore
777 2368 931 2415 spero.
1008 2354 1168 2402 Huius
1214 2354 1370 2417 igitur
1413 2353 1485 2400 rei
1523 2352 1718 2401 veniam
1755 2351 1905 2399 velim

227 2428 350 2476 mihi
389 2427 506 2475 dent
543 2427 722 2490 quibus
759 2427 967 2475 nimium
1004 2430 1223 2476 moratus
1265 2443 1366 2475 esse
1405 2427 1539 2475 visus
1578 2442 1697 2474 sum.

343 2501 439 2549 Sed
478 2518 538 2548 ne
577 2518 706 2550 nunc
745 2501 942 2563 quidem
979 2503 1193 2564 primum
1231 2503 1458 2550 volumen
1503 2500 1698 2563 prodire
1738 2499 1906 2547 iubere

227 2590 442 2639 possem,
495 2576 591 2623 nisi
638 2577 831 2639 egregie
879 2591 909 2623 a
953 2577 1124 2624 multis
1178 2575 1372 2623 adiutus
1419 2590 1593 2636 essem,
1648 2591 1672 2622 e
1729 2573 1907 2635 quibus

229 2650 388 2697 facere
427 2665 525 2696 non
571 2665 772 2711 possum
811 2650 930 2712 quin
975 2651 1066 2698 hoc
1112 2651 1219 2698 loco
1259 2649 1402 2697 iustis
1439 2649 1669 2696 laudibus
1709 2647 1906 2695 efferam

230 2721 548 2771 Academiam
587 2723 794 2786 Regiam
828 2720 1162 2772 'Scientiarum
1201 2724 1533 2783 Borussicam‚
1574 2722 1906 2770 Ministerium

230 2797 442 2860 Regium
463 2796 604 2844 bonis
629 2797 816 2845 artibus
842 2798 1054 2846 colendis
1077 2797 1406 2858 Borussicum,
1435 2797 1709 2858 praefectos
1731 2794 1905 2843 biblio·

230 2871 484 2919 thecarum
529 2872 582 2917 in
622 2868 882 2919 Occidente
922 2874 970 2919 et
1009 2870 1207 2920 Oriente
1254 2871 1561 2933 publicarum
1601 2873 1649 2918 et
1686 2870 1905 2931 privata-

230 2961 362 3006 rum,
411 2945 593 2993 amicos
633 2947 683 2992 et
719 2944 955 3008 collegas,
995 2962 1202 3007 quorum
1250 2961 1366 3008 pars
1412 2945 1511 2994 iam
1560 2943 1711 2992 flebili
1748 2944 1906 2991 morte
