2026 3168
184 126 289 179 194
722 129 948 172 LIBANH
981 129 1322 174 ORATIONES

178 268 310 334 μετὰ
347 276 459 320 τῶν
497 265 891 335 συμπρέσβεων
912 268 1195 333 βασίλειον
1218 268 1351 336 ἡμῖν
1381 271 1616 336 κομίζων
1649 267 1862 322 ἐπιστο-

179 358 282 425 λὴν
321 354 599 419 αὔξουσαν
637 356 736 408 τὸν
775 354 1089 426 δεξάμενον,
1128 355 1437 425 ηὐξημένον
1466 375 1581 421 πως
1617 358 1709 411 καὶ
1746 368 1862 421 τοῖς

178 444 476 513 Εὐσεβίου,
515 454 626 498 τῶν
663 444 946 514 πρέσβεων
985 445 1046 498 δὲ
1084 444 1174 498 καὶ
1216 441 1394 515 οὗτος,
1433 449 1636 515 λόγοις,
1675 442 1755 500 ὧν
1784 453 1861 519 τῷ

132 555 154 586 4
177 534 279 603 μὲν
316 534 413 587 τὸν
451 533 673 604 πατέρα,
712 540 786 606 τῷ
829 534 890 587 δὲ
929 533 1196 603 ἐκόσμησε
1234 535 1334 588 τὸν
1372 537 1517 605 υἱόν,
1554 536 1692 589 ὥστε
1729 538 1861 599 τοὺς

85 635 129 678 R
155 640 238 679 155
264 622 580 691 Ἀθήνηθεν
603 622 725 676 ἀντὶ
748 630 847 676 τοῦ
872 621 1069 692 ἐρίζειν
1091 624 1396 690 θαυμάζειν
1420 622 1425 693 Ι
1452 625 1622 678 αὐτόν
1644 644 1701 678 τε
1726 623 1861 678 ἐκεῖ-

109 1088 150 1119 10

106 1532 148 1565 15

106 1976 149 2008 20

175 733 279 765 νον
331 712 421 765 καὶ
476 710 591 780 ἐμέ,
647 719 746 764 τοῦ
803 712 1000 765 δοῦναι
1053 709 1155 780 μὲν
1209 711 1324 781 ἐμέ,
1386 721 1486 766 τοῦ
1548 716 1738 781 λαβεῖν
1799 711 1860 766 δὲ

174 800 399 854 ἐκεῖνον.

286 888 408 942 259.
451 891 504 942 Γ
498 892 622 958 νοίη
663 888 712 941 δ’
751 891 820 943 ἄν
858 909 939 952 τις
977 889 1285 944 κάντεῦθεν
1323 891 1424 959 τὴν
1462 889 1587 961 περὶ
1626 890 1718 961 ἐμὲ
1748 901 1861 946 τῶν

174 984 325 1032 θεῶν
387 979 625 1032 εὔνοιαν.
703 976 963 1048 ἐπανῄειν
1023 979 1157 1032 ποτὲ
1217 979 1546 1046 λελουμένος
1608 978 1858 1050 ἑσπέρας·

175 1068 332 1119 ἵπποι
373 1067 435 1120 δὲ
474 1066 708 1130 ἐοικότες
741 1064 843 1134 μὲν
881 1070 1119 1138 θηρίοις,
1151 1076 1314 1122 τοῦτο
1355 1068 1416 1121 δὲ
1447 1068 1513 1121 οὐ
1548 1069 1859 1138 δοκοῦντες,

174 1157 493 1225 εἱστήκεσαν
546 1155 932 1225 περιμένοντες
984 1158 1114 1219 τοὺς
1169 1158 1450 1226 δεσπότας,
1512 1158 1566 1211 οἱ
1626 1158 1727 1225 μὲν
1781 1159 1860 1221 εἰς

172 1247 302 1308 τοὺς
332 1248 521 1308 κίονας
552 1245 804 1315 ὁρῶντες,
844 1246 898 1298 οἱ
930 1243 980 1298 δ’
1019 1247 1097 1308 εἰς
1134 1246 1234 1299 τὸν
1263 1254 1454 1315 τοῖχον
1483 1245 1859 1317 τετραμμένοι.

172 1335 262 1387 καὶ
323 1330 394 1402 ἦν
455 1330 622 1387 οὐδὲν
679 1335 851 1387 κακὸν
912 1334 1140 1403 εἰκάσαι,
1194 1336 1256 1388 τὸ
1313 1333 1361 1387 δ’
1424 1335 1530 1405 ἄρα
1582 1331 1652 1403 ἦν
1704 1335 1856 1405 μέγα.

172 1430 446 1492 χωροῦντι
486 1419 589 1476 οὖν
628 1443 721 1490 μοι
762 1424 855 1476 διὰ
892 1422 1064 1492 μέσου
1103 1426 1232 1487 τοὺς
1272 1423 1501 1486 ὀδόντας
1532 1423 1860 1478 ἐδείκνυσαν

173 1510 297 1564 ἀντὶ
335 1514 514 1579 βελῶν
552 1521 668 1574 τοῖς
706 1510 837 1564 ποσὶ
875 1513 1163 1582 χρώμενοι,
1201 1513 1262 1565 τὸ
1304 1511 1354 1565 δ’
1398 1514 1629 1582 ἤρκεσεν
1667 1511 1737 1566 ἂν
1779 1514 1857 1577 εἰς

172 1601 435 1654 θάνατον.
512 1607 619 1653 νῦν
665 1599 715 1652 δ’
768 1600 796 1653 ὁ
846 1602 1149 1668 ἱπποκόμος
1193 1620 1259 1669 με
1305 1600 1625 1672 ἐξαρπάσας,
1668 1602 1858 1671 μεθεὶς

173 1688 240 1743 ὃν
277 1685 412 1758 ἦγεν
450 1690 639 1758 ἵππον,
679 1688 866 1759 φέρων
905 1690 981 1752 εἰς
1021 1689 1327 1759 ἀσφάλειαν
1372 1690 1679 1758 κατέστησε.
1755 1698 1856 1744 τοῦ

174 1779 484 1845 ἱπποκόμου
531 1779 632 1845 μὲν
677 1779 734 1830 αἱ
780 1787 972 1849 χεῖρες,
1010 1779 1071 1831 τὸ
1112 1780 1393 1846 βούλευμα
1432 1780 1493 1832 δὲ
1535 1788 1646 1833 τῶν
1681 1785 1857 1833 θεῶν·

173 1867 295 1919 260.
343 1870 401 1920 οἳ
443 1868 511 1936 δὴ
558 1866 648 1920 καὶ
695 1869 903 1930 πόλεως
947 1869 1195 1935 γείτονος
1239 1866 1507 1937 ἐξήλασαν
1553 1869 1857 1938 ἄνθρωπον

173 1955 332 2025 ὀλίγα
377 1976 478 2025 μεν
529 1957 736 2025 εἰδότα,
783 1957 960 2009 πολλὰ
1007 1956 1069 2009 δὲ
1115 1958 1423 2026 φάσκοντα,
1470 1959 1756 2028 χρώμενον
1793 1958 1855 2011 δὲ

172 2045 359 2107 αὐτοῖς
410 2037 492 2107 οἷς
543 2041 687 2114 εἶχεν
737 2043 827 2097 ἐπὶ
877 2045 976 2098 τὸν
1019 2046 1203 2114 δόντα,
1254 2043 1337 2114 ἐφ’
1399 2039 1441 2118 ᾧ
1480 2066 1563 2109 τις
1617 2045 1854 2115 ἀλγήσας

170 2135 455 2196 νεανίσκος
492 2142 603 2186 τῶν
641 2153 742 2202 μεν
778 2133 1138 2203 ἠπατημένων
1177 2135 1279 2203 τὴν
1310 2134 1485 2203 ἀχλὺν
1516 2134 1721 2204 ἀφεῖλε,
1753 2135 1855 2188 τὸν

171 2219 231 2274 δὲ
270 2220 511 2291 ἐλέγχοις
549 2219 814 2289 ἐξέβαλεν.

282 2310 404 2362 261.
435 2308 787 2379 Ἐξεβέβλητο
828 2311 890 2364 δὲ
927 2309 1018 2364 καὶ
1058 2313 1302 2378 Σαβῖνος
1341 2311 1406 2364 οὐ
1437 2313 1645 2375 πόλεώς
1681 2331 1849 2382 τινος,

288 2430 344 2468 24
375 2441 419 2482 p.
448 2430 544 2480 169,
573 2431 597 2470 9
616 2441 683 2482 sq

290 2534 314 2572 2
345 2531 459 2586 τοῖς]
492 2530 550 2573 τὰ
582 2531 625 2573 L
731 2535 756 2573 3
788 2528 954 2587 λόγοις,
983 2526 1047 2574 ὧν
1079 2530 1244 2586 scripsi
1305 2529 1329 2573 ὁ
1361 2528 1542 2587 λόγος’ἱ
1524 2529 1588 2574 ὢν
1619 2531 1856 2575 ACPBV

170 2588 261 2631 edd
328 2587 489 2645 λόγων
523 2585 587 2632 ὧν
620 2590 663 2632 L
733 2588 756 2633 ὁ
788 2588 838 2634 λό
842 2606 934 2647 γ,ος
967 2585 1031 2633 ὧν
1063 2590 1166 2632 coni
1197 2590 1266 2632 Re
1307 2590 1313 2647 Ι
1357 2593 1382 2632 3
1414 2590 1485 2632 et
1485 2594 1518 2633 4
1550 2591 1768 2633 accentus
1799 2590 1849 2633 in

168 2650 231 2690 τῶ
256 2647 321 2691 P⁸
411 2651 435 2689 9
467 2646 735 2703 λελουμένος
764 2661 876 2692 voce
909 2649 1080 2692 desinit
1109 2648 1158 2691 in
1182 2650 1227 2693 A
1258 2647 1325 2691 fol
1357 2652 1426 2703 36,
1460 2636 1660 2692 afflone(
1662 2666 1745 2704 ρας
1774 2649 1846 2692 111-

170 2693 286 2762 ci‘pit
323 2705 389 2749 fol
422 2711 447 2750 6
570 2711 621 2749 11
665 2721 690 2749 σ
720 2707 850 2762 prius
881 2707 931 2750 in
962 2707 1228 2762 εἱστήκεσαν
1258 2707 1308 2750 111
1339 2720 1414 2749 ras
1446 2706 1518 2749 12²
1544 2707 1550 2765 Ι
1578 2706 1846 2764 περιμένον-

168 2781 251 2815 τας
282 2765 327 2808 Β
460 2770 513 2808 13
544 2763 643 2810 τόδ’
668 2767 750 2810 VL
871 2771 926 2809 14
959 2763 1043 2811 οὖν
1074 2780 1149 2810 om
1180 2767 1224 2810 L
1265 2767 1271 2822 Ι
1322 2764 1542 2821 διαμέσου
1573 2767 1618 2810 Α
1740 2771 1792 2810 15
1826 2783 1847 2811 ε

170 2825 423 2868 secundum
453 2824 503 2867 in
533 2824 725 2879 ἤρκεσεν
756 2824 805 2867 111
836 2839 911 2869 ras
947 2826 1003 2870 0³
1095 2830 1149 2868 16
1183 2824 1207 2868 ὃ
1239 2839 1314 2869 0111
1345 2825 1455 2868 Fen·
1477 2825 1579 2868 Mor
1605 2827 1610 2882 Ι
1639 2826 1722 2881 μὲν
1745 2827 1789 2870 L

173 2887 226 2926 17
259 2882 512 2940 κατήντησε
542 2885 587 2927 L
707 2889 760 2926 21
796 2900 812 2926 ι
842 2884 892 2927 111
924 2885 1000 2928 ἐπὶ
1030 2884 1079 2928 111
1109 2898 1184 2927 ras
1217 2884 1288 2927 Ρ2
1315 2886 1320 2940 Ι
1358 2880 1426 2934 τίς
1452 2885 1495 2928 V
1608 2889 1663 2928 22
1695 2886 1847 2930 ἀνεῖλε

170 2943 213 2986 L
334 2947 389 2985 24
423 2941 473 2986 δὲ
505 2942 670 2998 scripsi
701 2956 726 2986 e
752 2943 881 2987 VLB
942 2943 1000 3000 δὴ
1031 2943 1162 2988 ΑΟΡ
1190 2943 1281 2987 edd
