2026 3168
687 156 868 200 LIBAN
870 156 913 200 11
944 155 1286 200 ORATIONES
1721 156 1829 209 269

150 292 197 344 εἰ
244 291 373 345 δέον
418 290 776 361 ἐγρηγορέναι
818 292 824 360 Ι
874 292 1173 345 καθεύδετε
1218 290 1309 344 καὶ
1356 290 1487 344 δέον
1537 290 1741 345 εἰδέναι
1772 305 1919 350 R197

149 388 261 433 τῶν
297 378 420 450 περὶ
452 379 591 448 ἡμᾶς
621 379 854 433 ἕκαστον
883 381 1201 449 ἠγνοήκατε,
1239 378 1331 433 καὶ
1362 387 1532 433 ταῦτα
1568 379 1628 433 ἐν
1659 381 1838 453 ταύτῷ

149 469 252 538 μὲν
301 471 480 540 χωρίῳ
533 470 931 538 διατρίβοντες,
978 471 1240 532 συνόντες
1290 469 1351 522 δὲ
1400 467 1492 522 καὶ
1538 472 1834 532 λαλοῦντες

150 555 279 610 καθ’
310 556 518 626 ἡμέραν
556 556 812 625 ἀλλήλοις
850 556 941 610 καὶ
980 558 1047 610 οὐ
1079 559 1288 626 μᾶλλόν
1318 577 1378 626 γε
1409 556 1634 621 ἕκαστος
1664 557 1835 611 αὑτὸν

150 645 183 714 ἢ
222 646 320 698 τὸν
357 645 523 708 πέλας
562 647 782 708 εἰκότως
828 645 897 698 ἂν
936 644 1300 715 ἐπιστάμενοι.
1378 647 1443 699 οὐ
1484 647 1587 716 γὰρ
1628 646 1835 717 ἀπραγ·
1881 668 1901 701 5

152 734 398 803 μοσύνης
435 733 581 787 τοῦτ’
622 733 692 788 ἂν
730 740 813 803 εἴη
852 739 1062 804 μᾶλλον
1099 734 1132 803 ἢ
1173 733 1298 803 περὶ
1336 735 1476 804 ἡμᾶς
1513 735 1777 804 ἀμελείας.

263 824 312 875 4.
353 822 687 892 Λιαλέξομαι
725 825 920 877 τοίνυν
950 824 1085 892 ὑμῖν
1117 824 1189 886 ὡς
1221 824 1388 877 οὐδὲν
1417 825 1631 878 τούτων
1661 823 1836 894 ᾐσθη-

152 911 354 981 μένοις,
395 912 424 965 ὃ
464 914 545 975 τίς
583 911 653 964 ἂν
690 913 1055 977 πιστεύσειεν;
1851 954 1860 961 κ

265 1002 337 1053 Εἰ
375 1001 476 1070 μὲν
515 997 619 1054 οὖν
649 1001 814 1071 ἀργίᾳ
851 1000 942 1054 καὶ
982 1001 1231 1074 ῥᾳθυμία
1262 1011 1486 1054 σιωπῶν
1515 1001 1837 1071 ἠλεγχόμην,

150 1087 471 1158 ᾐσχυνόμην
510 1088 580 1142 ἂν
617 1097 788 1143 κακοῦ
835 1109 986 1153 τινος
1025 1089 1380 1159 ἀνδραπόδου
1419 1091 1632 1160 νόσημα
1674 1098 1838 1144 τοῦτο
1862 1113 1905 1145 10

154 1177 484 1246 ἡγούμενος,
531 1171 574 1250 ᾧ
606 1179 667 1230 τὸ
708 1184 930 1231 κεῖσθαι
969 1179 1060 1231 καὶ
1099 1178 1131 1247 ἢ
1171 1179 1344 1248 μηδὲν
1389 1178 1423 1247 ἢ
1462 1180 1629 1249 μικρὰ
1673 1188 1838 1233 κινεῖ-

155 1272 291 1319 σθαι
330 1265 535 1336 ἑορτῶν
573 1267 606 1335 ἡ
646 1269 886 1336 μεγίστη.
962 1267 1010 1320 5.
1050 1275 1157 1321 νῦν
1197 1265 1257 1321 δὲ
1295 1270 1378 1331 τίς
1417 1267 1519 1320 οὐκ
1558 1264 1728 1337 οἶδεν,
1767 1268 1840 1332 ὡς

156 1353 219 1407 ἐν
258 1356 455 1418 αἰτίαις
493 1354 595 1424 μέν
633 1357 744 1424 εἰμι
782 1357 928 1426 παρὰ
966 1365 1082 1419 τοῖς
1121 1358 1306 1425 φίλοις
1341 1355 1428 1410 ἐπὶ
1460 1365 1576 1419 τοῖς
1607 1355 1668 1410 ἐν
1699 1358 1842 1428 γήρᾳ

153 1446 368 1512 πόνοις,
416 1444 475 1496 τὸ
524 1444 613 1497 ἀεί
653 1465 705 1497 τι
752 1445 1011 1498 πλάττειν
1049 1444 1140 1498 καὶ
1181 1444 1507 1499 συντιθέναι
1546 1447 1713 1513 λόγον
1750 1445 1841 1514 μέ-

153 1537 304 1596 λιτος
342 1533 505 1601 ἥδιον
544 1534 713 1601 ἄγων,
752 1534 843 1586 καὶ
881 1541 976 1602 τῆς
1013 1532 1139 1603 περὶ
1170 1535 1237 1586 τὰ
1268 1536 1454 1604 ἄρθρα
1483 1535 1655 1609 νόσου
1686 1533 1834 1588 τοῦτ’
1866 1557 1908 1590 15

157 1625 272 1675 ἔστι
318 1624 377 1675 τὸ
426 1623 760 1691 δεινότατον,
817 1623 901 1676 ὅτι
954 1624 1154 1677 κωλύει
1207 1625 1459 1693 γράφειν.
1535 1626 1686 1686 τίνος
1738 1619 1843 1677 οὖν

155 1711 339 1764 εἵνεκα
388 1715 615 1774 πολλοῖς
667 1713 854 1779 λόγοις
900 1709 1042 1781 ἔχων
1087 1716 1339 1782 πληροῦν
1383 1713 1482 1765 τὸν
1526 1714 1702 1781 νόμον
1740 1713 1843 1766 οὐκ

158 1798 495 1868 ἐβουλήθην,
535 1798 651 1852 ἀλλ’
691 1801 744 1852 οἱ
783 1797 885 1869 μὲν
923 1802 1084 1869 εἰσίν,
1124 1800 1230 1869 ἐγὼ
1271 1801 1333 1854 δὲ
1371 1801 1438 1854 οὐ
1479 1801 1738 1867 δεικνύω;

271 1888 318 1940 6.
360 1887 521 1951 Ἴσως
558 1888 628 1958 με’
662 1908 745 1951 τις
787 1894 957 1942 οἴεται
996 1891 1097 1958 τὴν
1134 1889 1261 1960 περὶ
1298 1891 1395 1952 τὰς
1433 1889 1665 1959 ἀμοιβὰς
1697 1889 1844 1960 ἐρεῖν

159 1975 394 2029 ἀδικίαν.
459 1978 651 2030 ἱκανὸν
687 1974 790 2045 μὲν
827 1979 918 2030 καὶ
956 1985 1120 2031 τοῦτο
1159 1979 1296 2047 πρὸς
1334 1978 1509 2049 ὀργὴν
1544 1979 1846 2049 ἄνθρωπον
1868 2000 1912 2032 20

160 2064 388 2133 ἀγαγεῖν
425 2066 517 2118 καὶ
553 2073 779 2133 ποιῆσαι
818 2074 1048 2134 σιωπᾶν,
1099 2065 1222 2130 νέος
1268 2070 1512 2137 χρήματα
1557 2068 1563 2136 Ι
1608 2069 1756 2138 παρὰ
1785 2081 1827 2124 R
1850 2085 1932 2124 198

159 2161 258 2206 τοῦ
298 2155 502 2221 πατρὸς
542 2155 855 2223 λαμβάνων,
896 2155 968 2217 ὡς
1005 2162 1080 2227 τῷ
1115 2163 1350 2226 σοφιστῇ
1389 2165 1615 2225 κομιῶν,
1662 2151 1742 2209 ὧν
1779 2157 1846 2210 τὰ

280 2378 304 2415 2
344 2346 463 2429 ύμᾶς
495 2375 529 2418 Ι
642 2379 667 2417 3
700 2377 942 2426 λαλοῦντες
973 2376 1021 2418 et
1051 2379 1078 2417 4
1111 2374 1322 2430 ἀλλήλοις
1353 2375 1517 2432 scripsi
1550 2375 1651 2418 coll.
1679 2379 1779 2429 219,
1797 2380 1845 2429 2;

162 2436 262 2484 211,
282 2437 306 2475 3
331 2432 373 2475 R
456 2435 703 2483 καλοῦντες
726 2435 774 2477 eb
796 2433 1017 2487 ἀλλήλους
1040 2433 1149 2478 libri
1174 2435 1265 2478 edd
1354 2440 1382 2478 4
1406 2433 1682 2491 καθημέραν
1699 2435 1825 2478 PVI
1837 2434 1855 2493 Ι

161 2491 305 2535 αὑτὸν
337 2493 382 2535 Ρ
411 2492 491 2535 sed
511 2489 522 2505 ‘
560 2492 629 2535 m²
660 2491 709 2535 in
740 2506 815 2536 ras
906 2493 1051 2537 αὐτὸν
1082 2495 1117 2537 Ι
1228 2498 1254 2537 5
1288 2491 1348 2537 ἂν
1380 2506 1455 2537 om
1485 2494 1531 2538 B
1562 2495 1610 2537 et
1650 2493 1848 2537 fortasse

164 2549 414 2594 delendum
498 2557 523 2594 6
550 2564 659 2595 voce
684 2548 898 2607 ἀμελείας
920 2553 965 2596 Α
990 2551 1056 2596 fol
1080 2557 1107 2595 5
1132 2552 1325 2606 desinit3
1350 2566 1471 2610 quae
1494 2554 1750 2608 sequuntur
1772 2567 1848 2595 us-

163 2621 254 2664 que
278 2610 339 2652 ad
364 2606 528 2666 φαίητ’
550 2609 610 2653 ἄν
642 2626 685 2666 p.
713 2614 814 2665 274,
832 2615 858 2653 4
881 2623 975 2654 uno
1007 2610 1120 2655 folio
1152 2612 1322 2655 amisso
1353 2612 1593 2668 perierunt
1692 2615 1746 2654 10
1770 2610 1848 2656 νό-

165 2681 286 2723 σημα
318 2681 393 2710 om
424 2670 459 2712 I
559 2674 612 2712 12
646 2665 774 2714 οἶδεν
808 2669 971 2725 scripsi
1003 2683 1108 2713 cum
1139 2669 1320 2714 Sinteni
1403 2667 1527 2716 εἶδεν
1557 2670 1666 2714 libri
1698 2671 1789 2714 edd

168 2730 221 2768 14
244 2725 318 2793 τὸ]
341 2734 494 2771 ποιεῖν
511 2729 586 2772 ΙΒ
645 2728 696 2772 τὸ
723 2725 770 2774 δ’
789 2755 847 2760 -
864 2728 960 2785 ἄγω
986 2729 1091 2773 coni
1116 2728 1320 2774 Sintenis
1406 2734 1458 2773 17
1484 2727 1639 2774 εἵνεκα
1662 2729 1849 2786 reposui

165 2797 190 2827 e
212 2783 345 2828 libus
407 2785 542 2830 ἕνεκα
567 2787 658 2830 edd
767 2791 820 2830 18
846 2786 1117 2846 ἠβουλήθην
1142 2789 1216 2832 ΙΒ
1323 2794 1375 2832 21
1403 2788 1532 2843 παρὰ
1562 2795 1643 2833 τοῦ
1674 2788 1851 2843 πατρὸς

164 2842 428 2902 λαμβάνων]
455 2845 583 2900 παρά
607 2863 690 2890 του
714 2845 1082 2905 προσλαμβάνων
1099 2847 1201 2890 Mor
1269 2852 1325 2891 22
1350 2865 1405 2905 γρ
1430 2855 1604 2904 κομιῶν
1621 2847 1686 2891 Ρ8
1710 2861 1850 2904 supra

166 2900 368 2957 κομίσων
451 2902 637 2960 κομίσαι
669 2906 743 2949 ΙΒ
775 2907 823 2948 et
845 2905 1109 2962 Wesseling
1132 2905 1320 2950 Diodor.
1354 2907 1443 2950 Sic.
1468 2908 1500 2949 t.
1526 2906 1568 2949 H
1590 2921 1634 2962 p.
1661 2910 1744 2950 581
1782 2907 1786 2965 ᾖ

167 2956 230 3003 ὧν
263 2961 338 3005 del
363 2960 508 3006 Cobet
538 2963 705 3007 Mnem.
732 2964 773 3006 V
801 2969 883 3008 104
908 2963 1037 3020 (Con.
1067 2968 1166 3017 100)
1269 2982 1327 3009 τα
1359 2967 1393 3009 Ι
1416 2967 1464 3009 et,
1494 2966 1542 3008 in
1573 2964 1631 3009 τὰ
1663 2979 1764 3009 corr
1787 2965 1851 3009 Ρ3
