<?xml version="1.0" encoding="UTF-8"?>
<!DOCTYPE html PUBLIC "-//W3C//DTD XHTML 1.0 Transitional//EN"
    "http://www.w3.org/TR/xhtml1/DTD/xhtml1-transitional.dtd">
<html xmlns="http://www.w3.org/1999/xhtml" xml:lang="en" lang="en">
 <head>
  <title>
</title>
<meta http-equiv="Content-Type" content="text/html;charset=utf-8" />
  <meta name='ocr-system' content='tesseract 3.04.00' />
  <meta name='ocr-capabilities' content='ocr_page ocr_carea ocr_par ocr_line ocrx_word'/>
</head>
<body>
  <div class='ocr_page' id='page_1' title='image "./operarecensuitri01libauoft_0102.png"; bbox 0 0 2026 3168; ppageno 0'>
   <div class='ocr_carea' id='block_1_1' title="bbox 124 638 143 671">
    <p class='ocr_par' dir='ltr' id='par_1_1' title="bbox 124 638 143 671">
     <span class='ocr_line' id='line_1_1' title="bbox 124 638 143 671; baseline 0 0"><span class='ocrx_word' id='word_1_1' title='bbox 124 638 143 671; x_wconf 84' lang='lat'>5</span> 
     </span>
    </p>
   </div>
   <div class='ocr_carea' id='block_1_2' title="bbox 170 127 1307 180">
    <p class='ocr_par' dir='ltr' id='par_1_2' title="bbox 170 127 1307 180">
     <span class='ocr_line' id='line_1_2' title="bbox 170 127 1307 180; baseline 0.003 -10"><span class='ocrx_word' id='word_1_2' title='bbox 170 128 238 180; x_wconf 84' lang='lat'><strong><em>86</em></strong></span> <span class='ocrx_word' id='word_1_3' title='bbox 709 127 936 172; x_wconf 88' lang='lat' dir='ltr'><strong>LIBANII</strong></span> <span class='ocrx_word' id='word_1_4' title='bbox 968 128 1307 173; x_wconf 84' lang='lat' dir='ltr'><strong>ORATIONES</strong></span> 
     </span>
    </p>
   </div>
   <div class='ocr_carea' id='block_1_3' title="bbox 166 261 1849 777">
    <p class='ocr_par' dir='ltr' id='par_1_3' title="bbox 168 261 1847 420">
     <span class='ocr_line' id='line_1_3' title="bbox 168 261 1846 333; baseline 0.001 -16"><span class='ocrx_word' id='word_1_5' title='bbox 168 266 327 333; x_wconf 81' lang='grc' dir='ltr'><strong><em>ἔφην,</em></strong></span> <span class='ocrx_word' id='word_1_6' title='bbox 381 265 525 332; x_wconf 86' lang='grc' dir='ltr'><strong><em>πλὴν</em></strong></span> <span class='ocrx_word' id='word_1_7' title='bbox 577 264 739 315; x_wconf 84' lang='grc' dir='ltr'><strong><em>τοῦδε</em></strong></span> <span class='ocrx_word' id='word_1_8' title='bbox 792 270 1088 331; x_wconf 84' lang='grc' dir='ltr'><strong><em>τηνικαῦτα</em></strong></span> <span class='ocrx_word' id='word_1_9' title='bbox 1139 265 1309 318; x_wconf 77' lang='grc' dir='ltr'><strong><em>τᾶλλα</em></strong></span> <span class='ocrx_word' id='word_1_10' title='bbox 1357 261 1428 333; x_wconf 75' lang='grc' dir='ltr'><strong><em>ἧν</em></strong></span> <span class='ocrx_word' id='word_1_11' title='bbox 1478 267 1700 333; x_wconf 79' lang='grc' dir='ltr'><strong><em>ἄνοσος,</em></strong></span> <span class='ocrx_word' id='word_1_12' title='bbox 1755 264 1846 317; x_wconf 83' lang='grc' dir='ltr'><strong><em>καὶ</em></strong></span> 
     </span>
     <span class='ocr_line' id='line_1_4' title="bbox 169 348 1847 420; baseline 0.001 -15"><span class='ocrx_word' id='word_1_13' title='bbox 169 353 300 405; x_wconf 81' lang='grc' dir='ltr'><strong><em>οὐδὲ</em></strong></span> <span class='ocrx_word' id='word_1_14' title='bbox 376 359 538 404; x_wconf 86' lang='grc' dir='ltr'><strong><em>τοῦτο</em></strong></span> <span class='ocrx_word' id='word_1_15' title='bbox 616 348 763 420; x_wconf 83' lang='grc' dir='ltr'><strong><em>εἶργε</em></strong></span> <span class='ocrx_word' id='word_1_16' title='bbox 840 353 911 420; x_wconf 85' lang='grc' dir='ltr'><strong><em>μὴ</em></strong></span> <span class='ocrx_word' id='word_1_17' title='bbox 989 351 1289 406; x_wconf 78' lang='grc' dir='ltr'><em>ἀπολαύειν</em></span> <span class='ocrx_word' id='word_1_18' title='bbox 1367 363 1478 407; x_wconf 88' lang='grc' dir='ltr'><strong><em>τῶν</em></strong></span> <span class='ocrx_word' id='word_1_19' title='bbox 1563 354 1847 407; x_wconf 77' lang='grc' dir='ltr'><strong><em>παιδικῶν.</em></strong></span> 
     </span>
    </p>

    <p class='ocr_par' dir='ltr' id='par_1_4' title="bbox 166 438 1849 777">
     <span class='ocr_line' id='line_1_5' title="bbox 317 438 1845 512; baseline 0.002 -20"><span class='ocrx_word' id='word_1_20' title='bbox 317 441 398 492; x_wconf 88' lang='grc'><strong><em>11.</em></strong></span> <span class='ocrx_word' id='word_1_21' title='bbox 428 438 883 508; x_wconf 89' lang='grc' dir='ltr'><strong><em>Συνειλεγμένων</em></strong></span> <span class='ocrx_word' id='word_1_22' title='bbox 913 442 1107 493; x_wconf 85' lang='grc' dir='ltr'><strong><em>τοίνυν</em></strong></span> <span class='ocrx_word' id='word_1_23' title='bbox 1138 442 1216 503; x_wconf 84' lang='grc' dir='ltr'><strong><em>εἰς</em></strong></span> <span class='ocrx_word' id='word_1_24' title='bbox 1245 442 1346 510; x_wconf 86' lang='grc' dir='ltr'><strong><em>τὴν</em></strong></span> <span class='ocrx_word' id='word_1_25' title='bbox 1368 443 1550 511; x_wconf 80' lang='grc' dir='ltr'><strong><em>ψυχὴν</em></strong></span> <span class='ocrx_word' id='word_1_26' title='bbox 1574 451 1684 495; x_wconf 91' lang='grc' dir='ltr'><strong><em>τῶν</em></strong></span> <span class='ocrx_word' id='word_1_27' title='bbox 1707 442 1845 512; x_wconf 83' lang='grc' dir='ltr'><strong><em>ὑπὲρ</em></strong></span> 
     </span>
     <span class='ocr_line' id='line_1_6' title="bbox 166 530 1849 600; baseline 0.002 -19"><span class='ocrx_word' id='word_1_28' title='bbox 166 532 294 591; x_wconf 89' lang='grc' dir='ltr'><strong><em>τοὺς</em></strong></span> <span class='ocrx_word' id='word_1_29' title='bbox 341 531 541 591; x_wconf 80' lang='grc' dir='ltr'><strong><em>ἄλλους</em></strong></span> <span class='ocrx_word' id='word_1_30' title='bbox 587 530 723 581; x_wconf 76' lang='grc' dir='ltr'><strong><em>κατὰ</em></strong></span> <span class='ocrx_word' id='word_1_31' title='bbox 769 531 937 597; x_wconf 81' lang='grc' dir='ltr'><strong><em>λόγου</em></strong></span> <span class='ocrx_word' id='word_1_32' title='bbox 987 530 1226 598; x_wconf 92' lang='grc' dir='ltr'><strong><em>δύναμιν</em></strong></span> <span class='ocrx_word' id='word_1_33' title='bbox 1270 530 1704 600; x_wconf 81' lang='grc' dir='ltr'><strong><em>θαυμαζομένων</em></strong></span> <span class='ocrx_word' id='word_1_34' title='bbox 1754 531 1849 583; x_wconf 89' lang='grc' dir='ltr'><strong><em>ἀν-</em></strong></span> 
     </span>
     <span class='ocr_line' id='line_1_7' title="bbox 169 616 1848 688; baseline 0.001 -18"><span class='ocrx_word' id='word_1_35' title='bbox 169 619 317 687; x_wconf 87' lang='grc' dir='ltr'><strong><em>δρῶν</em></strong></span> <span class='ocrx_word' id='word_1_36' title='bbox 364 618 535 688; x_wconf 79' lang='grc' dir='ltr'><strong><em>ὁρμῆς</em></strong></span> <span class='ocrx_word' id='word_1_37' title='bbox 579 637 637 670; x_wconf 89' lang='grc' dir='ltr'><strong><em>τε</em></strong></span> <span class='ocrx_word' id='word_1_38' title='bbox 681 637 747 684; x_wconf 90' lang='grc' dir='ltr'><strong><em>με</em></strong></span> <span class='ocrx_word' id='word_1_39' title='bbox 794 616 882 670; x_wconf 80' lang='grc' dir='ltr'><strong><em>ἐπὶ</em></strong></span> <span class='ocrx_word' id='word_1_40' title='bbox 928 625 1129 670; x_wconf 84' lang='grc' dir='ltr'><strong><em>τοῦτον</em></strong></span> <span class='ocrx_word' id='word_1_41' title='bbox 1176 619 1535 688; x_wconf 80' lang='grc' dir='ltr'><strong><em>εἰσελθούσης</em></strong></span> <span class='ocrx_word' id='word_1_42' title='bbox 1579 621 1676 672; x_wconf 88' lang='grc' dir='ltr'><strong><em>τὸν</em></strong></span> <span class='ocrx_word' id='word_1_43' title='bbox 1721 623 1848 688; x_wconf 85' lang='grc' dir='ltr'><strong><em>βίον</em></strong></span> 
     </span>
     <span class='ocr_line' id='line_1_8' title="bbox 169 701 1848 777; baseline 0.001 -18"><span class='ocrx_word' id='word_1_44' title='bbox 169 738 237 743; x_wconf 92' lang='lat'><strong><em>——</em></strong></span> <span class='ocrx_word' id='word_1_45' title='bbox 271 701 341 773; x_wconf 76' lang='grc' dir='ltr'><strong><em>ἧν</em></strong></span> <span class='ocrx_word' id='word_1_46' title='bbox 372 707 475 776; x_wconf 84' lang='grc' dir='ltr'><strong><em>γάρ</em></strong></span> <span class='ocrx_word' id='word_1_47' title='bbox 508 726 590 769; x_wconf 90' lang='grc' dir='ltr'><strong><em>τις</em></strong></span> <span class='ocrx_word' id='word_1_48' title='bbox 623 704 834 776; x_wconf 81' lang='grc' dir='ltr'><strong><em>ἑταῖρος</em></strong></span> <span class='ocrx_word' id='word_1_49' title='bbox 865 705 984 773; x_wconf 83' lang='grc' dir='ltr'><strong><em>ἐμοὶ</em></strong></span> <span class='ocrx_word' id='word_1_50' title='bbox 1010 708 1398 776; x_wconf 74' lang='grc' dir='ltr'><strong><em>Καππαδόκης,</em></strong></span> <span class='ocrx_word' id='word_1_51' title='bbox 1427 706 1643 761; x_wconf 81' lang='grc' dir='ltr'><strong><em>Ἰασίων</em></strong></span> <span class='ocrx_word' id='word_1_52' title='bbox 1674 710 1848 777; x_wconf 78' lang='grc' dir='ltr'><strong><em>ὄνομα</em></strong></span> 
     </span>
    </p>
   </div>
   <div class='ocr_carea' id='block_1_4' title="bbox 78 794 1847 867">
    <p class='ocr_par' dir='ltr' id='par_1_5' title="bbox 78 794 1847 867">
     <span class='ocr_line' id='line_1_9' title="bbox 78 794 1847 867; baseline 0 -17"><span class='ocrx_word' id='word_1_53' title='bbox 78 807 119 850; x_wconf 82' lang='lat' dir='ltr'>R</span> <span class='ocrx_word' id='word_1_54' title='bbox 139 812 190 851; x_wconf 88' lang='lat'><strong><em>11</em></strong></span> <span class='ocrx_word' id='word_1_55' title='bbox 227 796 385 867; x_wconf 80' lang='grc' dir='ltr'><strong><em>αὐτῷ,</em></strong></span> <span class='ocrx_word' id='word_1_56' title='bbox 424 794 670 864; x_wconf 76' lang='grc' dir='ltr'><strong><em>βραδέως</em></strong></span> <span class='ocrx_word' id='word_1_57' title='bbox 704 795 710 864; x_wconf 80' lang='lat' dir='ltr'>l</span> <span class='ocrx_word' id='word_1_58' title='bbox 744 795 845 862; x_wconf 78' lang='grc' dir='ltr'><strong><em>μὲν</em></strong></span> <span class='ocrx_word' id='word_1_59' title='bbox 882 796 1031 864; x_wconf 78' lang='grc' dir='ltr'><strong><em>ἥκων</em></strong></span> <span class='ocrx_word' id='word_1_60' title='bbox 1062 794 1150 848; x_wconf 79' lang='grc' dir='ltr'><strong><em>ἐπὶ</em></strong></span> <span class='ocrx_word' id='word_1_61' title='bbox 1183 798 1400 864; x_wconf 86' lang='grc' dir='ltr'><strong><em>λόγους,</em></strong></span> <span class='ocrx_word' id='word_1_62' title='bbox 1441 799 1738 867; x_wconf 76' lang='grc' dir='ltr'><strong><em>φιλοπονίᾳ</em></strong></span> <span class='ocrx_word' id='word_1_63' title='bbox 1770 797 1847 866; x_wconf 89' lang='grc' dir='ltr'><strong><em>δέ,</em></strong></span> 
     </span>
    </p>
   </div>
   <div class='ocr_carea' id='block_1_5' title="bbox 100 1083 142 1114">
    <p class='ocr_par' dir='ltr' id='par_1_6' title="bbox 100 1083 142 1114">
     <span class='ocr_line' id='line_1_10' title="bbox 100 1083 142 1114; baseline 0 0"><span class='ocrx_word' id='word_1_64' title='bbox 100 1083 142 1114; x_wconf 87' lang='grc'><strong><em>10</em></strong></span> 
     </span>
    </p>
   </div>
   <div class='ocr_carea' id='block_1_6' title="bbox 100 1525 140 1558">
    <p class='ocr_par' dir='ltr' id='par_1_7' title="bbox 100 1525 140 1558">
     <span class='ocr_line' id='line_1_11' title="bbox 100 1525 140 1558; baseline -0.025 0"><span class='ocrx_word' id='word_1_65' title='bbox 100 1525 140 1558; x_wconf 84' lang='lat'><strong><em>15</em></strong></span> 
     </span>
    </p>
   </div>
   <div class='ocr_carea' id='block_1_7' title="bbox 100 1969 142 2000">
    <p class='ocr_par' dir='ltr' id='par_1_8' title="bbox 100 1969 142 2000">
     <span class='ocr_line' id='line_1_12' title="bbox 100 1969 142 2000; baseline 0 0"><span class='ocrx_word' id='word_1_66' title='bbox 100 1969 142 2000; x_wconf 84' lang='lat'><strong><em>20</em></strong></span> 
     </span>
    </p>
   </div>
   <div class='ocr_carea' id='block_1_8' title="bbox 158 880 1840 956">
    <p class='ocr_par' dir='ltr' id='par_1_9' title="bbox 158 880 1840 956">
     <span class='ocr_line' id='line_1_13' title="bbox 158 880 1840 956; baseline 0.002 -20"><span class='ocrx_word' id='word_1_67' title='bbox 158 889 317 953; x_wconf 77' lang='grc' dir='ltr'><strong><em>εἴπερ</em></strong></span> <span class='ocrx_word' id='word_1_68' title='bbox 357 903 439 946; x_wconf 89' lang='grc' dir='ltr'><strong><em>τις</em></strong></span> <span class='ocrx_word' id='word_1_69' title='bbox 477 884 657 952; x_wconf 78' lang='grc' dir='ltr'><strong><em>ἄλλος,</em></strong></span> <span class='ocrx_word' id='word_1_70' title='bbox 697 884 963 952; x_wconf 79' lang='grc' dir='ltr'><strong><em>ἡδόμενος</em></strong></span> <span class='ocrx_word' id='word_1_71' title='bbox 999 915 1068 921; x_wconf 83' lang='grc'>-</span> <span class='ocrx_word' id='word_1_72' title='bbox 1110 880 1271 946; x_wconf 83' lang='grc' dir='ltr'><strong><em>οὗτος</em></strong></span> <span class='ocrx_word' id='word_1_73' title='bbox 1309 884 1337 937; x_wconf 87' lang='grc' dir='ltr'>ὁ</span> <span class='ocrx_word' id='word_1_74' title='bbox 1371 883 1604 954; x_wconf 88' lang='grc' dir='ltr'><strong><em>Ἰασίων,</em></strong></span> <span class='ocrx_word' id='word_1_75' title='bbox 1644 885 1677 938; x_wconf 77' lang='grc' dir='ltr'><strong><em>ἃ</em></strong></span> <span class='ocrx_word' id='word_1_76' title='bbox 1715 885 1840 956; x_wconf 89' lang='grc' dir='ltr'><strong><em>παρ’</em></strong></span> 
     </span>
    </p>
   </div>
   <div class='ocr_carea' id='block_1_9' title="bbox 164 971 1851 2195">
    <p class='ocr_par' dir='ltr' id='par_1_10' title="bbox 164 971 1851 2195">
     <span class='ocr_line' id='line_1_14' title="bbox 167 971 1848 1043; baseline 0.002 -19"><span class='ocrx_word' id='word_1_77' title='bbox 167 972 387 1042; x_wconf 90' lang='grc' dir='ltr'><strong><em>ἀνδρῶν</em></strong></span> <span class='ocrx_word' id='word_1_78' title='bbox 424 971 812 1043; x_wconf 75' lang='grc' dir='ltr'><strong><em>πρεσβυτέρων</em></strong></span> <span class='ocrx_word' id='word_1_79' title='bbox 843 971 1098 1041; x_wconf 79' lang='grc' dir='ltr'><strong><em>Ἀθηνῶν</em></strong></span> <span class='ocrx_word' id='word_1_80' title='bbox 1136 992 1193 1025; x_wconf 88' lang='grc' dir='ltr'><strong><em>τε</em></strong></span> <span class='ocrx_word' id='word_1_81' title='bbox 1231 972 1356 1043; x_wconf 79' lang='grc' dir='ltr'><strong><em>π’έρι</em></strong></span> <span class='ocrx_word' id='word_1_82' title='bbox 1387 972 1478 1026; x_wconf 84' lang='grc' dir='ltr'><strong><em>καὶ</em></strong></span> <span class='ocrx_word' id='word_1_83' title='bbox 1508 983 1619 1027; x_wconf 89' lang='grc' dir='ltr'><strong><em>τῶν</em></strong></span> <span class='ocrx_word' id='word_1_84' title='bbox 1650 976 1848 1028; x_wconf 83' lang='grc' dir='ltr'><strong><em>αὐτόθι</em></strong></span> 
     </span>
     <span class='ocr_line' id='line_1_15' title="bbox 166 1060 1850 1133; baseline 0.001 -19"><span class='ocrx_word' id='word_1_85' title='bbox 166 1060 463 1131; x_wconf 80' lang='grc' dir='ltr'><strong><em>δρωμένων</em></strong></span> <span class='ocrx_word' id='word_1_86' title='bbox 503 1060 775 1130; x_wconf 81' lang='grc' dir='ltr'><strong><em>ἐδέδεκτο,</em></strong></span> <span class='ocrx_word' id='word_1_87' title='bbox 829 1060 956 1113; x_wconf 88' lang='grc' dir='ltr'><strong><em>καθ’</em></strong></span> <span class='ocrx_word' id='word_1_88' title='bbox 995 1060 1201 1131; x_wconf 80' lang='grc' dir='ltr'><strong><em>ἡμέραν</em></strong></span> <span class='ocrx_word' id='word_1_89' title='bbox 1240 1062 1313 1124; x_wconf 83' lang='grc' dir='ltr'><strong><em>ὡς</em></strong></span> <span class='ocrx_word' id='word_1_90' title='bbox 1359 1063 1532 1115; x_wconf 84' lang='grc' dir='ltr'><strong><em>εἰπεῖν</em></strong></span> <span class='ocrx_word' id='word_1_91' title='bbox 1577 1063 1712 1133; x_wconf 91' lang='grc' dir='ltr'><strong><em>πρὸς</em></strong></span> <span class='ocrx_word' id='word_1_92' title='bbox 1757 1062 1850 1132; x_wconf 80' lang='grc' dir='ltr'><strong><em>ἐμὲ</em></strong></span> 
     </span>
     <span class='ocr_line' id='line_1_16' title="bbox 166 1148 1850 1219; baseline 0.001 -17"><span class='ocrx_word' id='word_1_93' title='bbox 166 1148 499 1218; x_wconf 77' lang='grc' dir='ltr'><strong><em>ἐμυθολόγει</em></strong></span> <span class='ocrx_word' id='word_1_94' title='bbox 554 1152 925 1212; x_wconf 81' lang='grc' dir='ltr'><strong><em>Καλλινίκους</em></strong></span> <span class='ocrx_word' id='word_1_95' title='bbox 984 1149 1046 1202; x_wconf 89' lang='grc' dir='ltr'><strong><em>τέ</em></strong></span> <span class='ocrx_word' id='word_1_96' title='bbox 1102 1169 1255 1212; x_wconf 91' lang='grc' dir='ltr'><strong><em>τινας</em></strong></span> <span class='ocrx_word' id='word_1_97' title='bbox 1316 1149 1406 1202; x_wconf 84' lang='grc' dir='ltr'><strong><em>καὶ</em></strong></span> <span class='ocrx_word' id='word_1_98' title='bbox 1469 1150 1850 1219; x_wconf 89' lang='grc' dir='ltr'><strong><em>Τληπολέμους</em></strong></span> 
     </span>
     <span class='ocr_line' id='line_1_17' title="bbox 168 1237 1850 1308; baseline 0.001 -18"><span class='ocrx_word' id='word_1_99' title='bbox 168 1237 368 1306; x_wconf 80' lang='grc' dir='ltr'><strong><em>ἑτέρων</em></strong></span> <span class='ocrx_word' id='word_1_100' title='bbox 422 1258 479 1291; x_wconf 91' lang='grc' dir='ltr'><strong><em>τε</em></strong></span> <span class='ocrx_word' id='word_1_101' title='bbox 534 1239 636 1291; x_wconf 82' lang='grc' dir='ltr'><strong><em>οὐκ</em></strong></span> <span class='ocrx_word' id='word_1_102' title='bbox 690 1238 892 1307; x_wconf 77' lang='grc' dir='ltr'><strong><em>ὀλίγων</em></strong></span> <span class='ocrx_word' id='word_1_103' title='bbox 953 1247 1235 1308; x_wconf 83' lang='grc' dir='ltr'><strong><em>σοφιστῶν</em></strong></span> <span class='ocrx_word' id='word_1_104' title='bbox 1298 1240 1660 1307; x_wconf 90' lang='grc' dir='ltr'><strong><em>διηγούμενος</em></strong></span> <span class='ocrx_word' id='word_1_105' title='bbox 1720 1239 1850 1292; x_wconf 86' lang='grc' dir='ltr'><strong><em>σθέ-</em></strong></span> 
     </span>
     <span class='ocr_line' id='line_1_18' title="bbox 166 1320 1849 1399; baseline 0.001 -19"><span class='ocrx_word' id='word_1_106' title='bbox 166 1348 262 1390; x_wconf 92' lang='grc' dir='ltr'><strong><em>νος</em></strong></span> <span class='ocrx_word' id='word_1_107' title='bbox 311 1329 512 1395; x_wconf 91' lang='grc' dir='ltr'><strong><em>λόγους</em></strong></span> <span class='ocrx_word' id='word_1_108' title='bbox 562 1347 619 1380; x_wconf 88' lang='grc' dir='ltr'><strong><em>τε</em></strong></span> <span class='ocrx_word' id='word_1_109' title='bbox 671 1320 754 1390; x_wconf 81' lang='grc' dir='ltr'><strong><em>οἷς</em></strong></span> <span class='ocrx_word' id='word_1_110' title='bbox 804 1327 1056 1396; x_wconf 81' lang='grc' dir='ltr'><strong><em>ἀλλήλων</em></strong></span> <span class='ocrx_word' id='word_1_111' title='bbox 1102 1326 1405 1397; x_wconf 77' lang='grc' dir='ltr'><strong><em>ἐκράτησάν</em></strong></span> <span class='ocrx_word' id='word_1_112' title='bbox 1450 1347 1508 1379; x_wconf 91' lang='grc' dir='ltr'><strong><em>τε</em></strong></span> <span class='ocrx_word' id='word_1_113' title='bbox 1553 1326 1643 1381; x_wconf 87' lang='grc' dir='ltr'><strong><em>καὶ</em></strong></span> <span class='ocrx_word' id='word_1_114' title='bbox 1694 1327 1849 1399; x_wconf 77' lang='grc' dir='ltr'><strong><em>ἐκρα-</em></strong></span> 
     </span>
     <span class='ocr_line' id='line_1_19' title="bbox 165 1412 1850 1487; baseline 0 -18"><span class='ocrx_word' id='word_1_115' title='bbox 165 1418 433 1485; x_wconf 84' lang='grc' dir='ltr'><strong><em>τήθησαν,</em></strong></span> <span class='ocrx_word' id='word_1_116' title='bbox 479 1415 578 1485; x_wconf 83' lang='grc' dir='ltr'><strong><em>ὑφ’</em></strong></span> <span class='ocrx_word' id='word_1_117' title='bbox 626 1412 705 1469; x_wconf 79' lang='grc' dir='ltr'><strong><em>ὧν</em></strong></span> <span class='ocrx_word' id='word_1_118' title='bbox 751 1436 833 1479; x_wconf 88' lang='grc' dir='ltr'><strong><em>τις</em></strong></span> <span class='ocrx_word' id='word_1_119' title='bbox 879 1415 1146 1484; x_wconf 79' lang='grc' dir='ltr'><strong><em>ἐπιθυμία</em></strong></span> <span class='ocrx_word' id='word_1_120' title='bbox 1192 1423 1290 1468; x_wconf 83' lang='grc' dir='ltr'><strong><em>τοῦ</em></strong></span> <span class='ocrx_word' id='word_1_121' title='bbox 1338 1417 1541 1487; x_wconf 86' lang='grc' dir='ltr'><strong><em>χωρίου</em></strong></span> <span class='ocrx_word' id='word_1_122' title='bbox 1588 1418 1850 1485; x_wconf 76' lang='grc' dir='ltr'><strong><em>κατελάμ-</em></strong></span> 
     </span>
     <span class='ocr_line' id='line_1_20' title="bbox 165 1505 1850 1574; baseline 0 -17"><span class='ocrx_word' id='word_1_123' title='bbox 165 1505 303 1572; x_wconf 90' lang='grc' dir='ltr'><strong><em>βανέ</em></strong></span> <span class='ocrx_word' id='word_1_124' title='bbox 337 1526 431 1574; x_wconf 91' lang='grc' dir='ltr'><strong><em>μοι</em></strong></span> <span class='ocrx_word' id='word_1_125' title='bbox 469 1506 571 1574; x_wconf 86' lang='grc' dir='ltr'><strong><em>τὴν</em></strong></span> <span class='ocrx_word' id='word_1_126' title='bbox 608 1507 804 1574; x_wconf 80' lang='grc' dir='ltr'><strong><em>ψυχήν.</em></strong></span> <span class='ocrx_word' id='word_1_127' title='bbox 871 1505 952 1557; x_wconf 77' lang='grc'><strong><em>12.</em></strong></span> <span class='ocrx_word' id='word_1_128' title='bbox 992 1512 1155 1558; x_wconf 86' lang='grc' dir='ltr'><strong><em>τοῦτο</em></strong></span> <span class='ocrx_word' id='word_1_129' title='bbox 1194 1505 1295 1571; x_wconf 82' lang='grc' dir='ltr'><strong><em>μὲν</em></strong></span> <span class='ocrx_word' id='word_1_130' title='bbox 1328 1505 1394 1572; x_wconf 88' lang='grc' dir='ltr'><strong><em>δὴ</em></strong></span> <span class='ocrx_word' id='word_1_131' title='bbox 1432 1505 1667 1574; x_wconf 78' lang='grc' dir='ltr'><strong><em>ὕστερον</em></strong></span> <span class='ocrx_word' id='word_1_132' title='bbox 1699 1507 1850 1574; x_wconf 83' lang='grc' dir='ltr'><strong><em>ε”μελ-</em></strong></span> 
     </span>
     <span class='ocr_line' id='line_1_21' title="bbox 165 1590 1849 1662; baseline -0.001 -16"><span class='ocrx_word' id='word_1_133' title='bbox 165 1597 266 1646; x_wconf 92' lang='grc' dir='ltr'><strong><em>λον</em></strong></span> <span class='ocrx_word' id='word_1_134' title='bbox 306 1592 640 1662; x_wconf 79' lang='grc' dir='ltr'><strong><em>ἐκλαλήσειν,</em></strong></span> <span class='ocrx_word' id='word_1_135' title='bbox 689 1594 762 1656; x_wconf 83' lang='grc' dir='ltr'><strong><em>ὡς</em></strong></span> <span class='ocrx_word' id='word_1_136' title='bbox 809 1599 891 1662; x_wconf 76' lang='grc' dir='ltr'><strong><em>εἴη</em></strong></span> <span class='ocrx_word' id='word_1_137' title='bbox 931 1614 1025 1662; x_wconf 91' lang='grc' dir='ltr'><strong><em>μοι</em></strong></span> <span class='ocrx_word' id='word_1_138' title='bbox 1072 1592 1387 1661; x_wconf 73' lang='grc' dir='ltr'><strong><em>πλευστέον,</em></strong></span> <span class='ocrx_word' id='word_1_139' title='bbox 1433 1600 1527 1661; x_wconf 82' lang='grc' dir='ltr'><strong><em>τῆς</em></strong></span> <span class='ocrx_word' id='word_1_140' title='bbox 1567 1596 1749 1661; x_wconf 85' lang='grc' dir='ltr'><strong><em>φήμης</em></strong></span> <span class='ocrx_word' id='word_1_141' title='bbox 1789 1590 1849 1645; x_wconf 78' lang='grc' dir='ltr'><strong><em>δὲ</em></strong></span> 
     </span>
     <span class='ocr_line' id='line_1_22' title="bbox 164 1680 1850 1751; baseline -0.001 -17"><span class='ocrx_word' id='word_1_142' title='bbox 164 1691 276 1734; x_wconf 89' lang='grc' dir='ltr'><strong><em>τῶν</em></strong></span> <span class='ocrx_word' id='word_1_143' title='bbox 306 1684 494 1735; x_wconf 91' lang='grc' dir='ltr'><strong><em>πόνων</em></strong></span> <span class='ocrx_word' id='word_1_144' title='bbox 526 1682 623 1745; x_wconf 85' lang='grc' dir='ltr'><strong><em>οὓς</em></strong></span> <span class='ocrx_word' id='word_1_145' title='bbox 655 1681 911 1750; x_wconf 75' lang='grc' dir='ltr'><strong><em>ἐπόνουν,</em></strong></span> <span class='ocrx_word' id='word_1_146' title='bbox 943 1683 1274 1751; x_wconf 86' lang='grc' dir='ltr'><strong><em>κατεχούσης</em></strong></span> <span class='ocrx_word' id='word_1_147' title='bbox 1308 1682 1408 1749; x_wconf 80' lang='grc' dir='ltr'><strong><em>τὴν</em></strong></span> <span class='ocrx_word' id='word_1_148' title='bbox 1439 1683 1602 1734; x_wconf 92' lang='grc' dir='ltr'><strong><em>πόλιν</em></strong></span> <span class='ocrx_word' id='word_1_149' title='bbox 1633 1680 1723 1734; x_wconf 82' lang='grc' dir='ltr'><strong><em>καὶ</em></strong></span> <span class='ocrx_word' id='word_1_150' title='bbox 1755 1690 1850 1749; x_wconf 76' lang='grc' dir='ltr'><strong><em>τῆς</em></strong></span> 
     </span>
     <span class='ocr_line' id='line_1_23' title="bbox 165 1765 1850 1841; baseline -0.001 -18"><span class='ocrx_word' id='word_1_151' title='bbox 165 1791 226 1838; x_wconf 92' lang='grc' dir='ltr'><strong><em>γε</em></strong></span> <span class='ocrx_word' id='word_1_152' title='bbox 265 1770 326 1824; x_wconf 81' lang='grc' dir='ltr'><strong><em>ἐν</em></strong></span> <span class='ocrx_word' id='word_1_153' title='bbox 366 1771 480 1841; x_wconf 77' lang='grc' dir='ltr'><strong><em>ὥρᾳ</em></strong></span> <span class='ocrx_word' id='word_1_154' title='bbox 519 1772 886 1841; x_wconf 83' lang='grc' dir='ltr'><strong><em>σωφροσύνης</em></strong></span> <span class='ocrx_word' id='word_1_155' title='bbox 916 1802 988 1808; x_wconf 92' lang='grc'>-</span> <span class='ocrx_word' id='word_1_156' title='bbox 1021 1770 1159 1839; x_wconf 87' lang='grc' dir='ltr'><strong><em>λέγω</em></strong></span> <span class='ocrx_word' id='word_1_157' title='bbox 1200 1771 1304 1840; x_wconf 86' lang='grc' dir='ltr'><strong><em>γάρ</em></strong></span> <span class='ocrx_word' id='word_1_158' title='bbox 1345 1765 1448 1823; x_wconf 81' lang='grc' dir='ltr'><strong><em>οὖν</em></strong></span> <span class='ocrx_word' id='word_1_159' title='bbox 1484 1771 1850 1840; x_wconf 90' lang='grc' dir='ltr'><strong><em>σωφροσύνης</em></strong></span> 
     </span>
     <span class='ocr_line' id='line_1_24' title="bbox 164 1857 1851 1930; baseline -0.001 -18"><span class='ocrx_word' id='word_1_160' title='bbox 164 1859 288 1929; x_wconf 84' lang='grc' dir='ltr'><strong><em>πέρι</em></strong></span> <span class='ocrx_word' id='word_1_161' title='bbox 327 1861 689 1930; x_wconf 88' lang='grc' dir='ltr'><strong><em>θαρρούντως</em></strong></span> <span class='ocrx_word' id='word_1_162' title='bbox 728 1860 944 1924; x_wconf 82' lang='grc' dir='ltr'><strong><em>ζώντων</em></strong></span> <span class='ocrx_word' id='word_1_163' title='bbox 983 1857 1062 1911; x_wconf 76' lang='grc' dir='ltr'><strong><em>ἔτι</em></strong></span> <span class='ocrx_word' id='word_1_164' title='bbox 1093 1879 1186 1927; x_wconf 91' lang='grc' dir='ltr'><strong><em>μοι</em></strong></span> <span class='ocrx_word' id='word_1_165' title='bbox 1217 1859 1527 1930; x_wconf 89' lang='grc' dir='ltr'><strong><em>μαρτύρων,</em></strong></span> <span class='ocrx_word' id='word_1_166' title='bbox 1568 1861 1625 1911; x_wconf 87' lang='grc' dir='ltr'><strong><em>οἳ</em></strong></span> <span class='ocrx_word' id='word_1_167' title='bbox 1650 1860 1851 1926; x_wconf 81' lang='grc' dir='ltr'><strong><em>βουλο-</em></strong></span> 
     </span>
     <span class='ocr_line' id='line_1_25' title="bbox 165 1947 1849 2019; baseline -0.001 -18"><span class='ocrx_word' id='word_1_168' title='bbox 165 1947 346 2015; x_wconf 91' lang='grc' dir='ltr'><strong><em>μένων</em></strong></span> <span class='ocrx_word' id='word_1_169' title='bbox 369 1948 526 2017; x_wconf 87' lang='grc' dir='ltr'><strong><em>ὑμῶν</em></strong></span> <span class='ocrx_word' id='word_1_170' title='bbox 551 1948 881 2011; x_wconf 79' lang='grc' dir='ltr'><strong><em>ἀναστάντες</em></strong></span> <span class='ocrx_word' id='word_1_171' title='bbox 905 1951 1370 2019; x_wconf 82' lang='grc' dir='ltr'><strong><em>μαρτυρήσουσιν,</em></strong></span> <span class='ocrx_word' id='word_1_172' title='bbox 1403 1947 1511 2016; x_wconf 87' lang='grc' dir='ltr'><strong><em>ὁρῶ</em></strong></span> <span class='ocrx_word' id='word_1_173' title='bbox 1538 1947 1640 2016; x_wconf 79' lang='grc' dir='ltr'><strong><em>γὰρ</em></strong></span> <span class='ocrx_word' id='word_1_174' title='bbox 1667 1947 1849 1999; x_wconf 84' lang='grc' dir='ltr'><strong><em>αὐτῶν</em></strong></span> 
     </span>
     <span class='ocr_line' id='line_1_26' title="bbox 167 2033 1848 2105; baseline -0.001 -16"><span class='ocrx_word' id='word_1_175' title='bbox 167 2037 269 2089; x_wconf 86' lang='grc' dir='ltr'><strong><em>οὐκ</em></strong></span> <span class='ocrx_word' id='word_1_176' title='bbox 307 2037 529 2105; x_wconf 86' lang='grc' dir='ltr'><strong><em>ὀλίγους</em></strong></span> <span class='ocrx_word' id='word_1_177' title='bbox 568 2037 836 2090; x_wconf 78' lang='grc' dir='ltr'><strong><em>ἐνταυθοῖ</em></strong></span> <span class='ocrx_word' id='word_1_178' title='bbox 873 2036 1238 2105; x_wconf 88' lang='grc' dir='ltr'><strong><em>καθημένους,</em></strong></span> <span class='ocrx_word' id='word_1_179' title='bbox 1276 2033 1347 2104; x_wconf 75' lang='grc' dir='ltr'><strong><em>ἦν</em></strong></span> <span class='ocrx_word' id='word_1_180' title='bbox 1379 2036 1440 2088; x_wconf 79' lang='grc' dir='ltr'><strong><em>δὲ</em></strong></span> <span class='ocrx_word' id='word_1_181' title='bbox 1471 2034 1747 2097; x_wconf 78' lang='grc' dir='ltr'><strong><em>ἀνάλωτος</em></strong></span> <span class='ocrx_word' id='word_1_182' title='bbox 1781 2035 1848 2087; x_wconf 89' lang='grc' dir='ltr'><strong><em>οὐ</em></strong></span> 
     </span>
     <span class='ocr_line' id='line_1_27' title="bbox 167 2122 1848 2195; baseline -0.002 -17"><span class='ocrx_word' id='word_1_183' title='bbox 167 2131 389 2195; x_wconf 81' lang='grc' dir='ltr'><strong><em>φρουρᾷ</em></strong></span> <span class='ocrx_word' id='word_1_184' title='bbox 418 2123 509 2177; x_wconf 84' lang='grc' dir='ltr'><strong><em>καὶ</em></strong></span> <span class='ocrx_word' id='word_1_185' title='bbox 541 2127 740 2194; x_wconf 87' lang='grc' dir='ltr'><strong><em>φόβοις</em></strong></span> <span class='ocrx_word' id='word_1_186' title='bbox 771 2127 1155 2194; x_wconf 86' lang='grc' dir='ltr'><strong><em>παιδαγωγῶν,</em></strong></span> <span class='ocrx_word' id='word_1_187' title='bbox 1189 2124 1284 2186; x_wconf 84' lang='grc' dir='ltr'><strong><em>οὓς</em></strong></span> <span class='ocrx_word' id='word_1_188' title='bbox 1317 2124 1572 2186; x_wconf 78' lang='grc' dir='ltr'><strong><em>ἀσθενεῖς</em></strong></span> <span class='ocrx_word' id='word_1_189' title='bbox 1601 2122 1848 2191; x_wconf 83' lang='grc' dir='ltr'><strong><em>πέφυκεν</em></strong></span> 
     </span>
    </p>
   </div>
   <div class='ocr_carea' id='block_1_10' title="bbox 203 2238 523 2242">
    <p class='ocr_par' dir='ltr' id='par_1_11' title="bbox 203 2238 523 2242">
     <span class='ocr_line' id='line_1_28' title="bbox 203 2238 523 2242; baseline 0 0"><span class='ocrx_word' id='word_1_190' title='bbox 203 2238 523 2242; x_wconf 95' lang='lat' dir='ltr'><strong><em> </em></strong></span> 
     </span>
    </p>
   </div>
   <div class='ocr_carea' id='block_1_11' title="bbox 168 2300 1847 2596">
    <p class='ocr_par' dir='ltr' id='par_1_12' title="bbox 168 2300 1822 2596">
     <span class='ocr_line' id='line_1_29' title="bbox 289 2300 610 2356; baseline 0.003 -14"><span class='ocrx_word' id='word_1_191' title='bbox 289 2305 341 2343; x_wconf 86' lang='lat'><strong><em>11</em></strong></span> <span class='ocrx_word' id='word_1_192' title='bbox 374 2300 521 2356; x_wconf 74' lang='lat' dir='ltr'>Epist.</span> <span class='ocrx_word' id='word_1_193' title='bbox 556 2305 610 2343; x_wconf 83' lang='lat'><strong><em>20</em></strong></span> 
     </span>
     <span class='ocr_line' id='line_1_30' title="bbox 289 2458 1847 2517; baseline -0.003 -13"><span class='ocrx_word' id='word_1_194' title='bbox 289 2467 313 2504; x_wconf 99' lang='grc'>2</span> <span class='ocrx_word' id='word_1_195' title='bbox 346 2460 471 2506; x_wconf 78' lang='grc' dir='ltr'><strong><em>τοῦτ’</em></strong></span> <span class='ocrx_word' id='word_1_196' title='bbox 499 2463 600 2506; x_wconf 85' lang='lat' dir='ltr'><strong><em>Mor</em></strong></span> <span class='ocrx_word' id='word_1_197' title='bbox 630 2463 698 2506; x_wconf 81' lang='lat' dir='ltr'><strong><em>Re</em></strong></span> <span class='ocrx_word' id='word_1_198' title='bbox 827 2468 851 2506; x_wconf 83' lang='lat'>5</span> <span class='ocrx_word' id='word_1_199' title='bbox 886 2461 1182 2517; x_wconf 78' lang='grc' dir='ltr'><strong><em>εἰσελθούσης</em></strong></span> <span class='ocrx_word' id='word_1_200' title='bbox 1215 2461 1251 2504; x_wconf 84' lang='grc' dir='ltr'><em>Ο</em></span> <span class='ocrx_word' id='word_1_201' title='bbox 1294 2461 1374 2503; x_wconf 79' lang='lat' dir='ltr'><strong><em>sed</em></strong></span> <span class='ocrx_word' id='word_1_202' title='bbox 1408 2459 1474 2503; x_wconf 88' lang='grc' dir='ltr'><strong><em>εἰσ</em></strong></span> <span class='ocrx_word' id='word_1_203' title='bbox 1505 2459 1628 2501; x_wconf 79' lang='lat' dir='ltr'>inser</span> <span class='ocrx_word' id='word_1_204' title='bbox 1659 2475 1687 2500; x_wconf 84' lang='lat' dir='ltr'><strong><em>v</em></strong></span> <span class='ocrx_word' id='word_1_205' title='bbox 1777 2458 1847 2502; x_wconf 78' lang='grc' dir='ltr'><strong><em>ἐλ-</em></strong></span> 
     </span>
     <span class='ocr_line' id='line_1_31' title="bbox 168 2517 1786 2596; baseline -0.002 -33"><span class='ocrx_word' id='word_1_206' title='bbox 168 2520 346 2576; x_wconf 83' lang='grc' dir='ltr'><strong><em>θούσης</em></strong></span> <span class='ocrx_word' id='word_1_207' title='bbox 377 2522 420 2563; x_wconf 87' lang='lat' dir='ltr'><em>L</em></span> <span class='ocrx_word' id='word_1_208' title='bbox 542 2527 567 2565; x_wconf 87' lang='grc'>6</span> <span class='ocrx_word' id='word_1_209' title='bbox 599 2521 706 2596; x_wconf 78' lang='grc' dir='ltr'><strong><em>γάρ]</em></strong></span> <span class='ocrx_word' id='word_1_210' title='bbox 740 2519 819 2564; x_wconf 80' lang='grc' dir='ltr'><strong><em>καί</em></strong></span> <span class='ocrx_word' id='word_1_211' title='bbox 841 2522 884 2564; x_wconf 92' lang='lat' dir='ltr'><strong><em>V</em></strong></span> <span class='ocrx_word' id='word_1_212' title='bbox 914 2523 919 2578; x_wconf 78' lang='grc' dir='ltr'>Ι</span> <span class='ocrx_word' id='word_1_213' title='bbox 961 2537 1030 2571; x_wconf 87' lang='grc' dir='ltr'><strong><em>τις</em></strong></span> <span class='ocrx_word' id='word_1_214' title='bbox 1060 2519 1234 2563; x_wconf 83' lang='lat' dir='ltr'>inserui</span> <span class='ocrx_word' id='word_1_215' title='bbox 1266 2533 1291 2562; x_wconf 79' lang='lat' dir='ltr'>e</span> <span class='ocrx_word' id='word_1_216' title='bbox 1318 2519 1399 2564; x_wconf 90' lang='lat' dir='ltr'><strong><em>VL</em></strong></span> <span class='ocrx_word' id='word_1_217' title='bbox 1441 2520 1446 2574; x_wconf 89' lang='grc' dir='ltr'>Ι</span> <span class='ocrx_word' id='word_1_218' title='bbox 1498 2517 1598 2573; x_wconf 82' lang='grc' dir='ltr'><strong><em>ἐμοὶ</em></strong></span> <span class='ocrx_word' id='word_1_219' title='bbox 1637 2531 1711 2560; x_wconf 89' lang='lat' dir='ltr'><strong><em>om</em></strong></span> <span class='ocrx_word' id='word_1_220' title='bbox 1743 2517 1786 2559; x_wconf 90' lang='lat' dir='ltr'><em>L</em></span> 
     </span>
    </p>
   </div>
   <div class='ocr_carea' id='block_1_12' title="bbox 169 2575 1846 2694">
    <p class='ocr_par' dir='ltr' id='par_1_13' title="bbox 169 2575 1846 2691">
     <span class='ocr_line' id='line_1_32' title="bbox 173 2575 1846 2678; baseline -0.002 -57"><span class='ocrx_word' id='word_1_221' title='bbox 173 2583 196 2621; x_wconf 83' lang='lat'><strong>7</strong></span> <span class='ocrx_word' id='word_1_222' title='bbox 228 2577 352 2634; x_wconf 70' lang='grc' dir='ltr'><strong><em>ἥκων</em></strong></span> <span class='ocrx_word' id='word_1_223' title='bbox 383 2580 453 2622; x_wconf 74' lang='lat'><strong>1112</strong></span> <span class='ocrx_word' id='word_1_224' title='bbox 485 2595 624 2636; x_wconf 81' lang='lat' dir='ltr'>supra</span> <span class='ocrx_word' id='word_1_225' title='bbox 656 2597 790 2623; x_wconf 84' lang='grc' dir='ltr'><strong><em>εικων</em></strong></span> <span class='ocrx_word' id='word_1_226' title='bbox 823 2581 867 2624; x_wconf 89' lang='lat' dir='ltr'><strong><em>L</em></strong></span> <span class='ocrx_word' id='word_1_227' title='bbox 1010 2584 1036 2622; x_wconf 88' lang='lat'>8</span> <span class='ocrx_word' id='word_1_228' title='bbox 1069 2578 1218 2635; x_wconf 81' lang='grc' dir='ltr'><strong><em>ἄλλος]</em></strong></span> <span class='ocrx_word' id='word_1_229' title='bbox 1255 2577 1404 2633; x_wconf 78' lang='grc' dir='ltr'><strong><em>ἕτερος</em></strong></span> <span class='ocrx_word' id='word_1_230' title='bbox 1435 2577 1555 2678; x_wconf 40' lang='lat' dir='ltr'><strong><em>VR(</em></strong></span> <span class='ocrx_word' id='word_1_231' title='bbox 1663 2579 1717 2618; x_wconf 90' lang='lat'><strong><em>10</em></strong></span> <span class='ocrx_word' id='word_1_232' title='bbox 1751 2575 1846 2619; x_wconf 83' lang='grc' dir='ltr'><strong><em>ἐδέ-</em></strong></span> 
     </span>
     <span class='ocr_line' id='line_1_33' title="bbox 169 2635 1787 2694; baseline -0.001 -14"><span class='ocrx_word' id='word_1_233' title='bbox 169 2639 303 2680; x_wconf 86' lang='grc' dir='ltr'><strong><em>δεκτο</em></strong></span> <span class='ocrx_word' id='word_1_234' title='bbox 334 2638 404 2680; x_wconf 81' lang='lat' dir='ltr'><strong><em>m2</em></strong></span> <span class='ocrx_word' id='word_1_235' title='bbox 436 2653 520 2694; x_wconf 84' lang='lat' dir='ltr'><strong><em>sup</em></strong></span> <span class='ocrx_word' id='word_1_236' title='bbox 523 2653 577 2682; x_wconf 80' lang='lat' dir='ltr'><strong><em>ra</em></strong></span> <span class='ocrx_word' id='word_1_237' title='bbox 601 2638 814 2682; x_wconf 79' lang='grc' dir='ltr'><strong><em>ἐδέδοκτο</em></strong></span> <span class='ocrx_word' id='word_1_238' title='bbox 839 2639 883 2681; x_wconf 89' lang='lat' dir='ltr'><em>L</em></span> <span class='ocrx_word' id='word_1_239' title='bbox 944 2637 1156 2683; x_wconf 83' lang='grc' dir='ltr'><strong><em>ἐδέδοκτο</em></strong></span> <span class='ocrx_word' id='word_1_240' title='bbox 1181 2637 1323 2694; x_wconf 62' lang='lat' dir='ltr'><strong>Fert}</strong></span> <span class='ocrx_word' id='word_1_241' title='bbox 1351 2638 1512 2691; x_wconf 84' lang='grc' dir='ltr'><strong><em>καθημ</em></strong></span> <span class='ocrx_word' id='word_1_242' title='bbox 1539 2651 1625 2689; x_wconf 86' lang='grc' dir='ltr'><strong><em>ραν</em></strong></span> <span class='ocrx_word' id='word_1_243' title='bbox 1650 2635 1787 2678; x_wconf 85' lang='lat' dir='ltr'><strong><em>BVL</em></strong></span> 
     </span>
    </p>
   </div>
   <div class='ocr_carea' id='block_1_13' title="bbox 168 2693 1846 2990">
    <p class='ocr_par' dir='ltr' id='par_1_14' title="bbox 168 2693 1846 2990">
     <span class='ocr_line' id='line_1_34' title="bbox 171 2693 1843 2754; baseline -0.002 -15"><span class='ocrx_word' id='word_1_244' title='bbox 171 2701 226 2739; x_wconf 83' lang='lat'><strong><em>12</em></strong></span> <span class='ocrx_word' id='word_1_245' title='bbox 252 2695 436 2754; x_wconf 83' lang='grc' dir='ltr'><strong><em>σθένος]</em></strong></span> <span class='ocrx_word' id='word_1_246' title='bbox 463 2703 632 2753; x_wconf 84' lang='grc' dir='ltr'><strong><em>σμῆνος</em></strong></span> <span class='ocrx_word' id='word_1_247' title='bbox 653 2697 924 2740; x_wconf 71' lang='lat' dir='ltr'><strong>MSchmidt</strong></span> <span class='ocrx_word' id='word_1_248' title='bbox 947 2696 1112 2740; x_wconf 87' lang='lat' dir='ltr'><strong>Philol.</strong></span> <span class='ocrx_word' id='word_1_249' title='bbox 1131 2696 1171 2738; x_wconf 93' lang='lat' dir='ltr'>X</span> <span class='ocrx_word' id='word_1_250' title='bbox 1189 2700 1289 2749; x_wconf 85' lang='lat'>409,</span> <span class='ocrx_word' id='word_1_251' title='bbox 1315 2696 1364 2738; x_wconf 71' lang='lat' dir='ltr'><strong><em>ab</em></strong></span> <span class='ocrx_word' id='word_1_252' title='bbox 1388 2694 1443 2737; x_wconf 83' lang='lat' dir='ltr'><strong><em>cf.</em></strong></span> <span class='ocrx_word' id='word_1_253' title='bbox 1463 2708 1524 2737; x_wconf 84' lang='lat' dir='ltr'><strong><em>or.</em></strong></span> <span class='ocrx_word' id='word_1_254' title='bbox 1543 2693 1585 2735; x_wconf 93' lang='grc' dir='ltr'>Π</span> <span class='ocrx_word' id='word_1_255' title='bbox 1603 2698 1655 2736; x_wconf 93' lang='grc'><strong><em>11</em></strong></span> <span class='ocrx_word' id='word_1_256' title='bbox 1681 2708 1725 2748; x_wconf 86' lang='lat' dir='ltr'><strong><em>p.</em></strong></span> <span class='ocrx_word' id='word_1_257' title='bbox 1746 2698 1843 2746; x_wconf 85' lang='lat'>176,</span> 
     </span>
     <span class='ocr_line' id='line_1_35' title="bbox 171 2751 1846 2814; baseline -0.001 -17"><span class='ocrx_word' id='word_1_258' title='bbox 171 2760 196 2797; x_wconf 86' lang='lat'><strong>3</strong></span> <span class='ocrx_word' id='word_1_259' title='bbox 221 2755 262 2797; x_wconf 88' lang='lat' dir='ltr'>R</span> <span class='ocrx_word' id='word_1_260' title='bbox 387 2761 441 2798; x_wconf 87' lang='lat'><strong><em>14</em></strong></span> <span class='ocrx_word' id='word_1_261' title='bbox 472 2755 815 2814; x_wconf 79' lang='grc' dir='ltr'><strong><em>κατελάμβανεν</em></strong></span> <span class='ocrx_word' id='word_1_262' title='bbox 850 2756 948 2812; x_wconf 81' lang='grc' dir='ltr'><strong><em>ἐμοὶ</em></strong></span> <span class='ocrx_word' id='word_1_263' title='bbox 979 2756 1135 2808; x_wconf 74' lang='lat' dir='ltr'>Patm,</span> <span class='ocrx_word' id='word_1_264' title='bbox 1169 2754 1249 2797; x_wconf 79' lang='lat' dir='ltr'><strong><em>sed</em></strong></span> <span class='ocrx_word' id='word_1_265' title='bbox 1280 2755 1331 2796; x_wconf 89' lang='lat' dir='ltr'><strong><em>in</em></strong></span> <span class='ocrx_word' id='word_1_266' title='bbox 1361 2767 1494 2809; x_wconf 81' lang='lat' dir='ltr'>marg</span> <span class='ocrx_word' id='word_1_267' title='bbox 1523 2770 1591 2809; x_wconf 81' lang='grc' dir='ltr'><strong><em>γρ.</em></strong></span> <span class='ocrx_word' id='word_1_268' title='bbox 1625 2751 1846 2808; x_wconf 80' lang='grc' dir='ltr'><strong><em>κατελαμ-</em></strong></span> 
     </span>
     <span class='ocr_line' id='line_1_36' title="bbox 170 2810 1846 2916; baseline -0.002 0"><span class='ocrx_word' id='word_1_269' title='bbox 170 2812 284 2915; x_wconf 60' lang='lat' dir='ltr'><strong><em>‘³⁰‘ss</em></strong></span> <span class='ocrx_word' id='word_1_270' title='bbox 314 2831 427 2916; x_wconf 61' lang='grc' dir='ltr'><strong><em>ἳὲυω</em></strong></span> <span class='ocrx_word' id='word_1_271' title='bbox 456 2820 516 2904; x_wconf 63' lang='grc'><strong><em>-1</em></strong></span> <span class='ocrx_word' id='word_1_272' title='bbox 523 2819 612 2916; x_wconf 61' lang='grc' dir='ltr'><em>ἶέ</em></span> <span class='ocrx_word' id='word_1_273' title='bbox 613 2814 786 2916; x_wconf 54' lang='lat' dir='ltr'><strong><em>⁰²³AE</em></strong></span> <span class='ocrx_word' id='word_1_274' title='bbox 820 2814 1115 2916; x_wconf 52' lang='lat' dir='ltr'><strong><em>wffi&#39;ffissr</em></strong></span> <span class='ocrx_word' id='word_1_275' title='bbox 1153 2811 1582 2915; x_wconf 56' lang='grc' dir='ltr'><strong><em>ἕὲνφοήὲηἰιέἶ]κῖὲ</em></strong></span> <span class='ocrx_word' id='word_1_276' title='bbox 1616 2810 1846 2913; x_wconf 61' lang='grc' dir='ltr'><strong>φήὲῗςέῗ</strong></span> 
     </span>
     <span class='ocr_line' id='line_1_37' title="bbox 168 2868 1629 2990; baseline -0.001 -16"><span class='ocrx_word' id='word_1_277' title='bbox 168 2934 327 2975; x_wconf 81' lang='grc' dir='ltr'><strong><em>ταῦθα</em></strong></span> <span class='ocrx_word' id='word_1_278' title='bbox 358 2891 402 2975; x_wconf 53' lang='grc' dir='ltr'><strong><em>Ξ]</em></strong></span> <span class='ocrx_word' id='word_1_279' title='bbox 494 2937 548 2975; x_wconf 87' lang='grc'><strong><em>22</em></strong></span> <span class='ocrx_word' id='word_1_280' title='bbox 582 2890 711 2990; x_wconf 45' lang='grc' dir='ltr'><strong><em>φίξίεβω</em></strong></span> <span class='ocrx_word' id='word_1_281' title='bbox 745 2890 838 2987; x_wconf 38' lang='lat' dir='ltr'><strong><em>Lm]</em></strong></span> <span class='ocrx_word' id='word_1_282' title='bbox 878 2868 1269 2986; x_wconf 55' lang='grc' dir='ltr'><strong><em>ἀσθενεῖςὶειῳῐει</em></strong></span> <span class='ocrx_word' id='word_1_283' title='bbox 1300 2931 1533 2978; x_wconf 81' lang='grc' dir='ltr'><strong><em>ἀσθενοῦς</em></strong></span> <span class='ocrx_word' id='word_1_284' title='bbox 1563 2929 1629 2973; x_wconf 82' lang='lat' dir='ltr'><strong><em>L2</em></strong></span> 
     </span>
    </p>
   </div>
  </div>
 </body>
</html>
