2026 3168
238 861 472 923 ΠΡΟΣ
519 861 746 924 ΤΟΤΣ
792 861 1073 922 ΒΑΡΤΝ
1120 861 1417 923 ΑΤΤΟΝ
1461 860 1734 923 ΚΑΛΕ-
1766 875 1914 920 R171

802 960 1166 1021 ΣΑΝΤΑΣ.

260 1126 305 1176 1.
353 1121 451 1186 Ὡς
498 1122 565 1177 δὲ
611 1127 837 1197 βαρύς,
886 1127 964 1190 ὡς
1004 1126 1072 1180 δὲ
1111 1125 1424 1195 ἐπαχθής,
1473 1125 1683 1195 εἴρηταί
1718 1137 1829 1177 τισι

146 1213 269 1282 περὶ
317 1213 484 1282 ἡμῶν.
562 1213 590 1266 ὁ
638 1213 686 1267 δ’
735 1215 1092 1284 ἀπαγγέλλων
1127 1214 1494 1284 Ἀνδρόμαχος
1531 1208 1602 1281 ἧν
1641 1211 1828 1281 ὀμνύς,

145 1299 455 1354 ἐπιστεύετο
496 1301 545 1355 δ’
583 1301 654 1356 ἂν
692 1300 781 1357 καὶ
821 1304 922 1357 οὐκ
962 1305 1187 1374 ὀμνύων
1232 1304 1394 1365 καλός
1432 1321 1489 1354 τε
1538 1301 1616 1354 ὢν
1664 1300 1830 1368 κάγα-
1875 1321 1895 1354 5

144 1389 248 1451 θὸς
286 1390 376 1442 καὶ
415 1390 546 1459 ἡμῖν
586 1391 798 1463 ἑταῖρος
836 1391 926 1446 καὶ
967 1393 1067 1462 οὐχ
1105 1393 1277 1461 ἡδέως
1310 1392 1376 1444 τὰ
1407 1397 1634 1444 τοιαῦτα
1666 1389 1829 1443 ἀκού-

144 1492 262 1540 σας·
297 1478 440 1531 οὕτω
464 1483 724 1534 πλεῖστον
748 1481 932 1551 ἀπεῖχε
955 1489 1055 1535 τοῦ
1083 1480 1088 1551 Ι
1116 1482 1182 1534 τὰ
1207 1481 1309 1534 οὐκ
1333 1478 1589 1550 εἰρημένα
1610 1479 1745 1531 πλά-
1772 1491 1814 1534 R
1833 1495 1915 1534 172

145 1579 235 1619 σαι
283 1567 353 1620 ἄν
398 1585 529 1621 ποτε
574 1567 688 1621 κατ’
728 1567 877 1638 ἐμοῦ.
953 1574 1334 1639 προκαλοῦμαι
1382 1570 1578 1621 τοίνυν
1628 1567 1830 1630 αὐτοὺς

145 1656 222 1734 εἰς
267 1653 495 1725 ἔλεγχον
539 1658 630 1710 καὶ
677 1656 806 1721 ἀξιῶ
855 1656 1028 1721 δεῖξαι
1070 1667 1185 1721 τοῖς
1224 1656 1529 1727 εἰρημένοις
1567 1656 1829 1726 ἀληθείας

143 1763 195 1795 τι
234 1745 422 1813 μετόν·
477 1744 592 1798 ἀλλ’
625 1746 725 1815 οὐχ
766 1745 963 1810 ἕξουσι.
1853 1766 1896 1798 10

263 1891 308 1934 Α
501 1891 646 1934 codex
675 1891 976 1948 Augustanus
1009 1891 1317 1949 (Monacensis
1349 1906 1416 1949 gr.
1442 1893 1546 1949 483)

501 1950 645 1993 codex
681 1950 925 1995 Chisianus

504 2009 648 2052 codex
679 2009 922 2054 Palatinus
959 2014 1043 2054 282

503 2068 647 2111 codex
678 2068 958 2112 Barberinus

500 2127 645 2171 codex
675 2127 940 2171 Marcianus
972 2132 1058 2172 437

502 2185 874 2230 Vindobonensis

500 2245 700 2288 Urbinas
741 2251 824 2289 126

260 2304 294 2347 Ι
499 2303 764 2347 Marcianus
796 2304 926 2362 (olim
959 2305 1002 2350 S.
1033 2305 1221 2350 Ioannis
1254 2307 1302 2350 et
1330 2305 1483 2363 Pauli)
1514 2303 1613 2349 XCI
1638 2309 1663 2348 2

263 2363 348 2407 Mo
502 2363 792 2407 Monacensis
827 2368 907 2407 101

259 2421 382 2465 Fabr
501 2422 645 2466 editio
678 2423 956 2467 Fabriciana

258 2480 328 2524 Re
411 2503 466 2518 =
499 2481 717 2525 Reiskius

265 1949 301 1993 Ο

262 2007 324 2051 Ρ-

262 2067 307 2109 Β

263 2125 325 2168 Μ

271 2185 314 2228 V

273 2244 318 2288 U

413 2444 469 2458 ΙΙ
413 2385 468 2399 ΙΙ
414 2326 469 2340 ΙΙ
413 2267 467 2281 ΙΙ
414 2208 468 2222 ΙΙ
412 2149 467 2163 ΙΙ
415 2089 469 2103 ΙΙ
416 2030 470 2044 ΙΙ
412 1971 467 1986 ΙΙ
414 1912 468 1926 ΙΙ

261 2617 288 2655 4
320 2613 399 2656 καὶ
430 2611 685 2671 δείκνυμι
717 2615 797 2658 καὶ
829 2614 1068 2659 δεικνύω
1096 2616 1139 2659 V

261 2778 291 2816 4
321 2731 585 2832 &Zyymm
617 2778 662 2820 A
784 2781 807 2819 7
840 2777 1042 2834 ἀπεῖχεν,
1075 2777 1157 2821 sed
1188 2794 1216 2821 ν
1247 2791 1431 2822 erasum
1453 2778 1499 2822 A
1526 2777 1532 2835 Ι
1559 2776 1636 2852 vd]
1668 2792 1694 2820 τ
1721 2790 1826 2820 cum

142 2846 304 2876 rasura
332 2834 470 2878 unius
501 2834 687 2878 litterae
722 2836 766 2880 U
807 2838 814 2892 Ι
857 2836 942 2879 οὐκ
974 2849 1049 2879 om
1074 2836 1118 2880 U
1154 2836 1280 2880 inser
1306 2835 1364 2881 Ι8
1492 2840 1547 2880 10
1578 2852 1622 2879 τι
1655 2836 1748 2880 ΑΒ
1759 2836 1832 2880 VI

145 2893 229 2936 Mo
263 2893 269 2947 Ι
307 2890 443 2949 μετόν
475 2906 576 2937 corr
605 2894 655 2936 in
686 2892 851 2951 μεστόν
885 2894 943 2938 C·
1004 2910 1058 2950 με
1087 2894 1170 2939 τὸν
1204 2897 1287 2940 Mo
1348 2895 1514 2952 μεστὸν
1545 2894 1669 2939 Fabr
1699 2894 1826 2951 quod

144 2964 244 2994 corr
274 2950 494 3007 Toupiu8‚
525 2952 716 2996 Emend.
750 2953 799 2996 in
832 2952 1022 2996 Suidam
1054 2955 1102 2997 et
1130 2953 1328 3011 Hesych.
1362 2956 1394 2998 t.
1419 2953 1484 2998 IV
1509 2958 1593 2998 177
