2026 3168
686 145 864 189 LIBAN
870 145 913 188 Π
944 144 1284 190 ORATIONES
1757 147 1827 199 83

147 283 418 352 σοφιστὴν
456 280 670 335 ἐκεῖνον
700 282 1115 348 μαντεύσασθαι
1145 279 1271 351 περὶ
1302 279 1437 348 ἐμοῦ
1468 283 1781 352 πόρρωθεν,
1817 281 1823 354 1

148 370 181 423 ἃ
220 371 286 439 δὴ
325 371 414 423 καὶ
453 369 767 423 τετέλεσται.
847 370 894 422 6.
941 376 1049 423 ποῦ
1086 370 1152 437 δὴ
1186 370 1287 437 τὴν
1319 369 1597 440 ὀρφανίαν
1626 373 1799 439 θήσο-
1829 385 1869 428 R
1891 390 1914 428 7

145 479 268 528 μεν;
315 457 405 511 καὶ
444 459 641 527 ἥδιστα
679 459 780 527 μὲν
819 458 889 512 ἂν
928 457 1149 511 ἐπεῖδον
1187 459 1285 510 τὸν
1324 457 1530 527 πατέρα
1569 457 1630 512 ἐν
1669 463 1828 532 γήρα,

146 543 208 601 εὗ
261 546 450 615 μέντοι
504 549 667 600 τοῦτό
721 567 783 616 γε
838 543 987 616 οἶδα,
1043 547 1115 610 ὡς
1166 554 1275 599 νῦν
1328 545 1398 599 ἂν
1444 543 1514 615 ἧν
1561 546 1622 600 ἐν
1673 546 1829 619 ἑτέρα

145 636 365 708 ἀτραπῷ
404 638 532 704 βίου
579 644 678 689 τοῦ
729 638 934 705 πατρός
982 656 1076 703 μοι
1126 635 1436 705 προβάντος
1486 637 1564 698 εἰς
1612 637 1827 689 πολιάν.
1874 659 1893 691 5

145 723 504 790 ἀντεξετάζων
530 727 598 793 δή
620 745 702 787 τις
724 726 791 777 τὰ
814 732 922 778 νῦν
946 724 1056 794 [τὰ]
1083 726 1329 794 παρόντα
1352 723 1601 793 ἐκείνοις,
1621 726 1828 793 βουλῆς

145 812 283 882 λέγω
310 816 604 883 φροντίσιν
630 813 663 881 ἢ
689 814 865 876 δίκαις
887 813 919 881 ἢ
945 812 1035 866 καὶ
1060 814 1128 881 νὴ
1152 815 1264 866 Δία
1287 833 1349 881 γε
1373 815 1603 883 θρόνοις
1627 813 1827 884 ἀρχῶν,

145 902 211 955 οὐ
250 907 494 971 χαλεπῶς
532 901 602 954 ἂν
641 901 731 955 καὶ
769 902 914 955 ὀὕτω
954 900 1003 970 γ’
1044 901 1294 971 ἀνεύροι,
1340 901 1618 971 ποτέρωσε
1663 910 1826 955 τοῦτο

142 989 321 1053 τιθεὶς
359 991 543 1061 ὀρθῶς
581 989 651 1043 ἂν
697 995 778 1059 εἴη
824 991 1100 1053 τεθεικώς.
1179 991 1225 1043 7.
1281 990 1418 1043 ἀλλὰ
1464 992 1574 1060 μὴν
1618 993 1720 1060 τήν
1764 1011 1827 1060 γε

143 1086 239 1147 τῆς
282 1080 485 1149 μητρὸς
531 1080 919 1149 σωφροσύνην,
972 1079 1005 1148 ἣ
1053 1081 1288 1148 μυρίους
1334 1078 1440 1132 ἀπὸ
1480 1089 1592 1133 τῶν
1629 1085 1826 1150 θυρῶν
1850 1103 1894 1135 10

145 1167 441 1237 ἀπήλασεν,
474 1166 592 1220 οὐδ’
617 1167 688 1221 ἂν
720 1168 748 1221 ὁ
782 1169 1002 1237 σφόδρα
1032 1168 1253 1236 ἡδονῶν
1287 1166 1293 1238 Ι
1327 1169 1507 1236 ἥττων
1538 1171 1808 1238 τολμῆσαί
1828 1182 1912 1226 Β,8

142 1276 237 1325 μοι
284 1257 436 1309 δοκεῖ
480 1257 552 1325 μὴ
606 1265 956 1326 συγχωρῆσαι
1005 1258 1221 1309 παίδων
1272 1253 1413 1309 εἶναι
1464 1257 1724 1326 εὐτυχῶν,
1778 1260 1826 1311 εἰ

144 1346 211 1413 δὴ
249 1346 421 1398 καλὸν
458 1345 561 1414 μὲν
597 1345 658 1397 τὸ
699 1347 806 1397 σὺν
843 1347 1119 1416 παρρησίᾳ
1158 1349 1271 1414 ζῆν,
1318 1354 1466 1398 ποιεῖ
1513 1343 1574 1398 δὲ
1620 1347 1827 1414 ταύτην

141 1433 208 1486 οὐ
247 1435 314 1486 τὰ
353 1434 498 1504 αὐτῷ
537 1452 647 1486 τινι
693 1431 999 1502 βεβιωμένα
1048 1435 1240 1503 μόνον,
1291 1433 1430 1487 ἀλλὰ
1468 1433 1559 1487 καὶ
1598 1435 1664 1487 τὰ
1694 1433 1825 1488 ’κεί-

143 1541 263 1584 νοις
301 1521 355 1585 ἐξ
395 1517 475 1575 ὧν
514 1523 639 1590 ἔφυ,
678 1521 750 1584 ὡς
780 1525 982 1575 πολλοί
1008 1542 1071 1591 γε
1102 1522 1416 1592 ἀμέμπτους
1447 1533 1592 1592 σφᾶς
1624 1523 1827 1587 αὐτοὺς
1850 1546 1891 1578 15

140 1612 547 1681 παρασχόμενοι
585 1609 798 1679 γονέων
837 1610 1316 1680 ἐπεστομίσθησαν
1355 1612 1607 1665 ὀνείδεσι.

259 1799 510 1844 2Π.σ74

259 1966 285 2005 8
324 1962 572 2021 ποτέρωσε]
607 1964 658 2008 ἐν
690 1961 878 2024 ευτυχίᾳ
908 1961 937 2018 ἢ
969 1961 1192 2024 δυστυχία
1219 1965 1262 2008 V
1285 1979 1343 2007 m
1378 1977 1466 2007 rec.
1551 1964 1705 2022 τοῦτο]
1738 1964 1823 2021 τὴν

142 2020 378 2096 ὀρφανίαν
404 2023 447 2066 V
471 2038 530 2066 m.
563 2036 651 2066 ree.
799 2027 853 2065 15
893 2021 941 2066 λέ
971 2038 1011 2066 ει
1042 2021 1137 2098 γάρ
1160 2039 1230 2073 τις
1259 2029 1350 2067 τῶν
1382 2030 1607 2079 ποιητῶν·
1665 2026 1827 2068 δουλοῖ

139 2098 227 2138 γαρ
260 2080 412 2136 ἄνδρα
443 2099 532 2126 καν
562 2040 980 2139 θρασύσπλαγχνός
1009 2098 1078 2132 τις
1110 2077 1157 2141 ᾗ,
1203 2080 1314 2125 ὅταν
1354 2083 1540 2154 συνειδῇ
1581 2082 1756 2138 πατρὸς
1794 2080 1822 2137 ἢ

141 2140 310 2196 μητρὸς
347 2139 489 2184 κακά·
538 2142 612 2197 (=
644 2140 749 2184 Eur.
782 2140 924 2197 Hipp.
959 2143 1061 2197 424)
1124 2141 1204 2184 καὶ
1233 2140 1393 2185 πάλιν·
1429 2138 1540 2185 όταν
1572 2142 1623 2186 δὲ
1656 2142 1823 2198 κρηπὶς

140 2198 200 2255 μὴ
220 2201 511 2273 καταβληθῇ
550 2198 715 2257 γένους
753 2199 829 2256 (μὴ
858 2201 1134 2272 καταβληθῇ
1166 2200 1332 2256 κρηπὶς
1362 2199 1525 2257 γένους
1548 2202 1610 2258 Β)
1652 2200 1676 2244 ὁ
1680 2203 1820 2257 ρθῶς,

140 2257 319 2315 ἀνάγκη
352 2259 595 2316 δυστυχεῖν
625 2259 733 2309 τους
764 2258 983 2316 ἐκγόνους
1015 2262 1086 2318 (=
1119 2259 1224 2302 Eur.
1250 2259 1382 2303 Herc.
1410 2259 1515 2303 Fur.
1547 2218 1704 2317 1261)ρ
1710 2259 1822 2303 P²B

260 2427 281 2464 1
317 2421 494 2466 ἐκεῖνον
526 2434 603 2464 om
625 2422 669 2465 L
768 2426 794 2464 3
827 2421 906 2464 καὶ
938 2435 1013 2465 om
1032 2422 1101 2478 7Ι
1143 2421 1243 2479 μὲν]
1278 2422 1360 2478 μὲν
1385 2421 1472 2478 γὰρ
1493 2423 1536 2466 V
1627 2427 1654 2464 4
1685 2421 1820 2466 τοῦτό
1851 2465 1866 2471 ,

139 2480 207 2537 γε]
247 2497 298 2538 γε
327 2487 463 2525 τοῦτο
497 2482 542 2525 Β
678 2485 703 2523 6
743 2478 797 2524 δέ
812 2480 855 2523 V
885 2483 890 2536 Ι
932 2479 990 2523 τὰ
1022 2480 1276 2524 cancellavi
1308 2494 1412 2524 cum
1445 2480 1618 2525 Cobeto
1650 2481 1818 2525 Mnem.

139 2538 195 2582 N.
229 2498 274 2583 S.
304 2539 347 2582 H
378 2544 463 2583 403
503 2541 551 2583 et
582 2539 762 2583 Sinteni
844 2539 901 2582 τὰ
932 2537 1142 2595 παρόντα
1178 2539 1266 2583 del.
1299 2540 1367 2583 Re
1398 2539 1539 2583 Anim
1677 2545 1701 2583 ’1
1741 2541 1821 2583 καὶ

140 2599 357 2714 3314„ss
337 2601 343 2655 ¹
361 2597 1356 2732 .Ygssv‘ss‘ffloengkssofgmssLc⁰bgss⁰⁶vssess
1372 2599 1428 2701 εἴ
1450 2599 1498 2702 el
1508 2599 1694 2714 φῗςῖοἶῗ
1704 2603 1819 2701 0331?

139 2713 205 2757 P²
234 2716 283 2758 et
310 2731 369 2759 m
402 2730 491 2761 rec.
517 2718 573 2773 (r)
604 2730 745 2773 supra,
777 2715 942 2772 φόροις
966 2717 1010 2761 V
1138 2721 1164 2760 8
1204 2733 1263 2760 αν
1302 2731 1378 2761 om
1409 2718 1454 2761 B
1471 2718 1498 2789 Ι
1542 2717 1732 2773 ἀνεύροι
1763 2730 1819 2760 ex

140 2769 199 2816 ἂν
238 2772 315 2830 εὕρ
318 2791 364 2819 οι
394 2788 558 2819 rasura.
595 2788 709 2827 con.
735 2775 780 2820 7
863 2773 923 2819 ἂν
954 2773 1081 2850 εὕροι
1115 2775 1254 2820 ΟΡΒ
1286 2776 1377 2819 edd
1468 2793 1528 2819 αν
1559 2774 1668 2831 ευρη
1700 2776 1745 2820 L

140 2831 342 2888 ἀνεύροι,
367 2831 436 2878 ὅτι
459 2832 720 2891 προτέρωσε
740 2841 950 2878 τοῦτο-
968 2839 993 2878 9
1013 2851 1072 2878 αν
1096 2833 1196 2891 εἴην
1215 2836 1438 2885 τεθεικώς
1460 2834 1730 2878 MSchmidt
1744 2833 1815 2877 1.1.

201 2894 254 2933 12
286 2894 404 2994 «ῗὲκὲὶὶ
433 2894 478 2938 L
592 2898 646 2936 13
679 2893 761 2950 μὲν
793 2906 868 2937 om
903 2893 1042 2938 OPB
1156 2897 1211 2937 14
1242 2894 1421 2954 αὑτῷ7
1534 2898 1588 2937 16
1619 2892 1817 2950 παρεχό-

139 2964 268 3004 μενοι
407 2964 479 2995 err

1496 3025 1555 3067 6*
