2026 3168
644 127 871 171 LIBANH
902 125 1243 171 ORATIONES
1686 124 1793 180 209

224 270 305 316 11.
367 267 813 316 Laurentianus
866 267 1007 315 LVII
1062 269 1128 315 27
1194 268 1405 329 scriptus
1466 283 1592 315 anno
1652 268 1790 315 1392

109 343 192 390 fol.
228 343 348 389 445.
425 341 551 389 Vide
591 357 739 402 supra
778 359 824 404 p.
861 343 926 389 59
962 357 1031 403 sq.

221 416 502 478 Sequantur
547 415 734 463 codices
775 417 863 477 qui
908 430 1019 463 cum
1057 415 1177 464 Βίον
1224 430 1324 463 11011
1370 417 1677 476 contineant,
1714 415 1794 463 1110

114 490 330 552 primum
366 492 702 537 recensentur:

224 565 305 611 12.
354 563 677 612 Vaticanus
724 580 796 626 gr.
830 565 922 625 81,
972 562 1059 625 qui
1105 563 1301 625 quando
1347 563 1399 610 in
1444 563 1795 611 bibliothecam

111 636 453 700 Apostolicam
490 637 661 685 illatus
701 640 780 700 sit,
818 639 1060 686 incertum
1099 639 1184 685 est.
1262 638 1392 684 Nam
1430 638 1560 684 inter
1606 636 1794 685 codices

109 710 309 773 quidem
354 712 623 783 inventarii
668 712 815 759 latini
862 711 1039 759 codicis
1079 711 1312 760 Vaticani
1349 712 1434 758 lat.
1471 711 1613 759 3954
1660 704 1796 777 (vide

112 801 261 848 supra
291 802 338 847 p.
366 778 459 852 44)
492 785 656 834 nullus
682 788 756 834 est
787 787 872 847 qui
901 786 1033 833 idem
1057 788 1204 847 atque
1229 785 1309 833 1110
1341 787 1472 833 certo
1497 784 1594 832 dici
1623 787 1795 847 possit.

109 859 168 906 In
213 863 356 921 parte
404 862 570 907 autem
616 860 779 922 priore
831 859 1048 923 catalogi
1098 860 1278 908 codicis
1329 859 1662 922 Rehdigerani
1713 853 1796 926 (cf.

112 949 260 995 supra
283 926 388 1000 1.1.)
416 933 504 981 sub
529 949 734 982 numero
764 936 863 982 101
881 927 922 999 ¹)
941 936 1154 982 occurrit
1178 933 1380 996 quidem
1402 935 1478 981 ita
1502 933 1796 995 descriptus:

111 1007 361 1071 Λιβανίου
410 1006 616 1072 ῥήτορος
661 1006 803 1073 λόγος
852 1001 1147 1072 Ἀντιοχικός
1186 1013 1271 1055 αος.
1332 1006 1456 1073 πρὸς
1496 1000 1798 1073 Ἀριστείδην

108 1078 235 1146 ὑπὲρ
285 1078 533 1147 ὀρχηστῶν
579 1082 654 1145 βοὲ
696 1109 758 1114 -
801 1081 1100 1148 Σώκράτους
1150 1079 1388 1147 ἀπολογία
1437 1077 1533 1142 λθ’,
1584 1081 1670 1129 sed
1718 1081 1797 1129 1110

110 1156 368 1219 catalogus
393 1155 457 1203 ad
481 1171 749 1218 quamnam
782 1157 996 1204 aetatem
1018 1156 1302 1204 referendus
1335 1157 1413 1216 sit,
1438 1155 1658 1203 nondum
1681 1171 1797 1203 con-

110 1231 224 1277 stat.
289 1228 465 1277 Codex
516 1230 802 1277 chartaceus
852 1231 1039 1278 formae
1078 1231 1283 1279 octavae
1333 1230 1535 1277 maioris
1583 1230 1796 1291 scriptus

110 1303 305 1351 saeculo
345 1303 437 1359 XV
477 1319 502 1351 e
542 1303 675 1351 foliis
717 1305 819 1351 291
862 1306 1093 1352 constans
1134 1305 1381 1352 continet:

219 1377 304 1424 fol.
342 1381 366 1424 1
418 1374 668 1440 θέσπισμα
712 1375 794 1425 καὶ
840 1377 1065 1436 διάταξις
1100 1384 1187 1426 τοῦ
1234 1376 1289 1426 ἐν
1328 1377 1610 1442 βασιλεῦσιν
1649 1374 1794 1442 ἀγίου

109 1450 473 1500 κωνσταντίνου
512 1449 621 1517 περὶ
659 1457 746 1499 τοῦ
785 1450 924 1499 πάντα
962 1451 1132 1517 ῥώμης

110 1527 161 1572 et
212 1525 324 1572 inde
379 1541 409 1572 a
455 1525 539 1573 fol.
581 1528 611 1574 3
668 1526 769 1573 alia
822 1542 973 1574 manu
1026 1527 1236 1588 scriptas
1283 1525 1482 1574 Libanii
1536 1526 1799 1587 orationes,

114 1615 325 1661 quarum
363 1598 509 1657 πίναξ
548 1600 836 1662 inscriptus:

221 1673 448 1737 λιβανίου
488 1673 641 1739 σύρου
681 1680 919 1736 σοφιστοῦ
958 1673 1093 1739 λόγοι
1133 1676 1208 1722 est
1245 1675 1298 1721 in
1336 1674 1457 1722 folio
1500 1675 1546 1721 3.

221 1747 305 1794 fol.
338 1748 371 1794 4
411 1746 519 1811 βίος
557 1747 804 1812 λιβανίου·
845 1746 1085 1796 εὐναπίου
1125 1746 1178 1797 ἐκ
1216 1754 1303 1796 τοῦ
1342 1747 1537 1812 βιβλίου
1576 1754 1664 1796 τοῦ
1697 1745 1800 1796 ἐπι-

110 1818 450 1886 γεγραμμένου
488 1821 589 1885 βίοι
627 1828 875 1884 σοφιστῶν
910 1850 912 1852 -

222 1895 306 1942 fol.
342 1896 371 1942 6
413 1895 638 1959 λιβανίου
678 1894 883 1962 ῥήτορος
920 1895 1077 1961 λόγοις

412 1968 637 2032 λιβανίου
675 1968 880 2034 ῥήτορος
918 1969 1060 2035 λόγος
1098 1967 1370 2034 ἄντιοχικός
1413 1962 1507 2036 (=
1549 1969 1704 2031 Neap.
1744 1969 1796 2017 Π

113 2043 152 2089 Ε
191 2044 255 2089 17
302 2043 384 2090 fol.
422 2046 447 2090 1

224 2036 762 2257 32β17ςρὸς)ἆριστείδην
791 2114 914 2183 ὑπὲρ
945 2123 1043 2165 τῶν
1067 2113 1315 2182 ὀρχηστῶν
1347 2110 1443 2184 (=
1467 2118 1624 2180 Neap.
1650 2117 1735 2165 fol.
1763 2118 1793 2165 5

113 2189 255 2255 λόγος

223 2266 290 2313 49
333 2263 455 2330 πρὸς
493 2262 607 2322 τοὺς
645 2263 1005 2331 αὐτοκράτορας
1042 2264 1371 2314 κωνστάντιον
1401 2263 1484 2313 καὶ
1515 2264 1796 2314 κώνστοιντα

113 2331 208 2405 (=
246 2338 401 2400 Neap,
441 2338 525 2386 fol.
563 2340 627 2386 17
742 2338 884 2404 λόγος
922 2333 993 2405 γ’)

1829 570 1882 610 16

227 2414 292 2459 72
339 2410 462 2477 πρὸς
499 2411 585 2461 τὸν
623 2410 955 2478 αὐτοκράτορα
999 2411 1250 2462 ἰουλιανὸν
1295 2412 1486 2462 1ὕστατον
1532 2412 1834 2478 γενόμενον

116 2478 208 2550 (=
241 2486 396 2548 Neap.
436 2487 519 2533 fol.
555 2488 650 2535 35γ
761 2486 903 2551 λόγος
942 2481 993 2553 δ)

226 2560 291 2606 81
345 2559 415 2618 εἰς
463 2559 549 2610 τὸν
600 2559 751 2610 αὐτὸν
799 2558 1209 2626 προσφωνητικός
1264 2554 1358 2627 (=
1398 2561 1552 2623 Neap.
1599 2561 1684 2609 fol.
1726 2562 1797 2608 44

121 2634 146 2678 λ
162 2630 174 2646 '
324 2629 336 2643 ¹

150 2649 321 2753 ⁰70836⁸
339 2627 465 2772 Ξτρὸς
502 2706 587 2757 τὸν
626 2706 878 2758 ἰουλιανὸν
924 2704 1046 2773 ὑπὲρ
1092 2705 1455 2774 ἄριστοφάνους
1506 2701 1603 2775 (=
1642 2708 1798 2771 Neap.

116 2778 199 2826 fol.
234 2780 302 2826 48
412 2779 554 2846 λόγος
593 2776 660 2848 ς’)

236 2936 278 2990 1)
312 2934 467 2991 Serap.
500 2936 584 2979 ΧΠ
617 2941 714 2980 156.

204 3016 401 3049 anutrs
425 3017 483 3050 ed.
507 3017 743 3051 Foerster.
1483 3017 1537 3055 14
