2026 3168
209 156 314 209 160
748 156 932 199 LIBAN
934 156 977 200 11
1008 155 1350 200 ORATIONES

200 292 505 363 χρημάτων,
556 293 714 360 φιλία
765 288 826 344 δὲ
876 291 1010 361 πρὸς
1060 292 1160 344 τὸν
1211 292 1505 359 Εὔβουλον
1556 290 1647 361 ἀφ’
1705 289 1883 365 ὧνπερ

112 392 155 436 R
177 397 260 436 108
292 382 382 433 καὶ
421 386 496 451 τῷ
541 383 754 452 Φήστῳ.
790 378 796 451 Ι
831 378 972 449 ἔχων
1010 382 1206 432 τοίνυν
1245 380 1415 432 αὐτὸν
1453 383 1788 447 πειθόμενον
1826 381 1886 436 ἐκ

200 473 421 522 πολλῶν
460 470 682 538 δόρπων
720 488 777 521 τε
816 469 905 521 καὶ
940 471 1262 535 συμποσίων
1293 477 1435 521 κινεῖ
1464 489 1521 521 τε
1552 468 1635 522 ἐπ’
1668 467 1758 537 ἐμὲ
1793 472 1882 524 καὶ

182 558 570 624 συνεβούλευε
621 558 782 625 δίκην
832 559 1002 624 λόγου
1043 559 1248 624 λαβεῖν.
1309 559 1407 610 τὸν
1447 554 1508 610 δὲ
1546 560 1732 627 λόγον,
1782 568 1882 613 τοῦ

157 668 176 700 5
200 648 478 716 τυράννου
517 643 618 712 μὲν
667 645 960 714 ἐγκώμιον,
1007 646 1339 715 γεγράφθαι,
1384 651 1606 699 κεῖσθαι
1652 644 1712 700 δὲ
1750 647 1875 719 παρ’

200 733 318 801 ἐμοὶ
365 742 439 807 τῷ
480 742 803 804 συγγραφεῖ.
889 734 1095 804 ῥᾷστον
1150 731 1211 786 δὲ
1267 730 1409 787 εἶναι
1464 733 1540 787 δι’
1595 735 1884 805 ὑπηρετῶν

199 823 358 877 ἑλεῖν.
460 822 578 875 164.
642 821 830 886 ἔδοξεν
885 818 988 876 οὗν
1043 822 1231 894 ἐκείνῳ
1293 823 1519 876 κάλλιον
1581 820 1723 876 εἶναι
1784 826 1884 878 τὸν

200 913 503 981 στρατηγὸν
557 910 646 964 ἐπὶ
695 919 857 964 τοῦτο
907 914 1268 981 προσλαβεῖν,
1319 915 1527 964 πολλοῦ
1578 909 1679 978 μὲν
1730 913 1883 978 ἄξιον

190 999 478 1073 Ἰουλιανῷ
511 1002 830 1069 γενόμενον,
870 1003 1079 1052 πολλοῦ
1122 997 1182 1053 δὲ
1215 1002 1347 1053 ὄντα
1378 1002 1500 1053 τότε
1530 1007 1605 1073 τῷ
1631 1002 1883 1069 Βάλεντι,

132 1111 174 1143 10
201 1090 446 1159 φοβερὸν
483 1086 584 1156 μὲν
622 1092 918 1156 πολεμίοις,
959 1090 1202 1159 φοβερὸν
1246 1085 1306 1141 δὲ
1352 1098 1464 1142 τῶν
1511 1090 1730 1142 οἰκείων
1767 1100 1883 1154 τοῖς

197 1187 409 1246 κακοῖς,
459 1179 790 1244 αἰδούμενον
829 1174 890 1230 δὲ
929 1178 1018 1230 καὶ
1064 1180 1269 1247 σοφίαν
1314 1178 1405 1230 καὶ
1444 1180 1665 1246 λόγους,
1713 1180 1882 1246 λόγου

199 1263 260 1319 δὲ
314 1265 375 1319 ἐν
428 1276 622 1335 σοφῶν
684 1269 1005 1329 συνουσίαις
1060 1266 1162 1319 οὐκ
1217 1266 1551 1336 ἀποροῦντα·
1606 1266 1758 1319 τουτὶ
1820 1265 1881 1321 δὲ

198 1355 344 1427 αὐτῷ
376 1357 523 1424 παρὰ
561 1363 655 1423 τῆς
694 1351 912 1423 φύσεώς
951 1351 1034 1423 ἦν.
1115 1354 1234 1407 165.
1274 1351 1434 1417 οὗτος
1474 1355 1503 1408 ὁ
1543 1358 1881 1419 Λουπικῖνος

198 1443 369 1496 αὐτὸν
407 1443 508 1510 μέν
547 1463 611 1510 με
651 1444 1003 1496 οὐδεπώποτε
1044 1444 1198 1511 ἰδών,
1237 1444 1384 1513 παρὰ
1423 1445 1605 1512 φήμης
1645 1441 1706 1497 δὲ
1749 1450 1880 1508 ἴσως

130 1554 172 1586 15
197 1533 346 1595 τινὸς
376 1530 502 1603 περὶ
534 1531 667 1599 ἐμοῦ
699 1553 752 1585 τι
784 1531 1077 1599 δεξάμενος
1107 1533 1244 1600 πρὸς
1275 1529 1375 1599 μὲν
1406 1534 1504 1586 τὸν
1536 1529 1673 1585 εἷπε·
1707 1536 1878 1601 σίγα,

197 1617 238 1673 ὦ
285 1623 580 1690 φιλότης,
629 1621 734 1673 καὶ
781 1620 850 1674 ἐν
899 1621 1297 1689 ἡμῖνταῦτα
1344 1621 1645 1674 ἱστάσθω.
1722 1641 1879 1688 μετα-

195 1710 542 1776 πεμψάμενος
582 1706 644 1762 δὲ
682 1706 774 1776 ἐμὲ
813 1711 1050 1762 ποιεῖταί
1086 1729 1143 1762 τε
1182 1710 1349 1778 φίλον
1380 1710 1469 1762 καὶ
1509 1708 1878 1779 ἐπαγγέλλειν,

196 1799 247 1851 εἴ
289 1817 388 1850 του
437 1799 687 1866 δεοίμην,
727 1796 917 1851 ἐδίδου
956 1799 1248 1868 παρεκάλει
1286 1817 1343 1851 τε
1382 1800 1513 1860 τοὺς
1550 1807 1661 1851 τῶν
1701 1797 1874 1870 ἑδῶνΙ

107 1899 148 1942 R
171 1903 252 1942 109
282 1887 510 1949 τούτους
534 1890 959 1955 καταγελῶντας,
983 1889 1113 1949 τοὺς
1137 1894 1235 1940 τοῦ
1261 1887 1503 1956 οὐρανοῦ
1521 1888 1877 1956 κληρούχους,

130 1997 173 2028 20
198 1974 434 2044 ἀφέντας
487 1973 520 2027 ἃ
575 1974 1019 2043 ἀλαζονεύονται,
1080 1975 1220 2041 τάμὰ
1276 1978 1571 2043 ζηλοῦντας
1624 1976 1877 2045 ὁρᾶσθαι.

195 2071 419 2116 τοιαῦτα
457 2060 558 2130 μὲν
598 2063 878 2116 ἀνέσεισεν
917 2063 945 2116 ὁ
987 2065 1215 2131 δαίμων,
1253 2071 1479 2116 τοιαῦτα
1519 2060 1580 2116 δὲ
1618 2065 1706 2117 καὶ
1739 2063 1878 2117 ἐκοί-

195 2166 370 2220 μισεν,
418 2153 518 2221 οὐχ
566 2152 639 2214 ὡς
683 2151 1054 2221 πεποιημένου
1099 2172 1192 2218 μοι
1238 2151 1462 2205 τοιοῦδέ
1500 2172 1651 2215 τινος
1690 2155 1876 2221 λόγου,

313 2301 338 2338 2
371 2312 414 2352 p.
443 2301 541 2352 157,
569 2302 623 2340 10
745 2301 770 2340 5
801 2297 950 2341 Amm.
983 2297 1131 2340 XXVI
1164 2303 1204 2351 6,
1240 2302 1262 2340 1
1290 2312 1355 2352 sq.

314 2434 339 2472 3
365 2430 528 2485 δώρων
551 2429 659 2473 libri
680 2429 685 2489 Ι
713 2436 894 2474 κινεῖτε
920 2430 1083 2486 scripsi
1108 2444 1212 2473 cum
1230 2429 1386 2473 Gasda
1439 2436 1633 2473 κινεῖται
1657 2429 1766 2472 libri
1785 2430 1875 2473 edd

255 2491 280 2531 8
305 2488 450 2532 τούτω
475 2490 577 2533 BV
593 2489 695 2532 Mor
783 2493 836 2532 14
861 2487 1082 2533 οὐδέποτε
1094 2490 1175 2534 VL
1200 2490 1247 2532 et
1269 2505 1324 2546 γρ
1349 2488 1449 2532 Mor
1472 2488 1521 2530 in
1545 2502 1677 2544 marg
1754 2493 1807 2532 15
1832 2505 1875 2532 τι

196 2560 271 2589 om
302 2548 345 2590 L
371 2549 378 2603 Ι
406 2543 534 2592 εἶπεν
565 2549 702 2592 AOB
730 2547 735 2605 Ι
764 2555 870 2604 σῖγα
902 2550 947 2592 Β
1070 2553 1123 2591 18
1155 2546 1403 2601 παρεκάλει
1426 2573 1484 2579 -
1510 2551 1563 2589 19
1589 2550 1872 2603 καταγελῶν·

194 2622 277 2656 τας
306 2606 417 2648 Ferr
446 2606 496 2648 in
526 2620 660 2663 marg
686 2607 692 2664 Ι
719 2623 767 2650 τε
799 2607 962 2663 scripsi
995 2621 1019 2650 e
1046 2608 1127 2650 VL
1189 2606 1240 2650 δὲ
1269 2605 1439 2661 reliqui
1469 2605 1578 2648 Iibn'
1603 2605 1694 2649 edd
1721 2609 1727 2662 Ι
1756 2606 1874 2651 ἑδῶν

196 2663 360 2720 scripsi
383 2678 408 2708 e
432 2666 521 2709 PB
546 2679 650 2708 cum
674 2665 899 2721 Wyttenb
962 2664 1080 2710 ἔδων
1107 2666 1145 2710 O
1162 2666 1274 2708 Ferr
1334 2665 1451 2709 ἔδων
1475 2665 1575 2708 AV
1629 2667 1747 2709 εδων
1771 2667 1815 2709 L

194 2730 286 2767 τῶν
317 2722 435 2767 ἔδων
465 2724 597 2767 uncis
629 2723 819 2767 inclusit
849 2725 951 2768 Mor
979 2732 1070 2769 τῶν
1102 2722 1220 2768 νέων
1259 2723 1304 2780 (i.
1332 2737 1368 2766 e.
1410 2725 1543 2825 νεῶιὲἑ
1583 2724 1814 2767 coniciens

198 2786 250 2824 19
282 2782 458 2825 τούτων
489 2783 534 2825 Β
562 2783 568 2840 Ι
611 2783 814 2837 οὐρανοῦ
847 2784 1012 2839 scripsi
1044 2797 1148 2826 cum
1171 2782 1396 2837 Wyt‘oenb
1429 2783 1476 2825 et
1544 2782 1678 2826 obeto
1703 2783 1870 2826 Mnem.

195 2840 237 2883 II
260 2844 344 2883 403
371 2841 473 2884 coll.
498 2841 540 2884 Π
566 2845 663 2894 180,
691 2846 795 2897 2sq.
822 2842 864 2884 R
925 2839 1149 2898 οὐρανίου
1180 2841 1289 2884 libri
1314 2841 1403 2884 edd
1506 2846 1559 2884 21
1593 2849 1784 2885 τοιαῦτα
1815 2868 1873 2874 -—

195 2897 374 2955 δαίμων
405 2900 515 2942 Ferr
545 2900 595 2943 in
624 2914 757 2957 marg
783 2903 789 2957 Ι
818 2918 834 2943 ι
867 2900 1063 2944 alterum
1093 2901 1143 2943 in
1174 2898 1400 2955 ἐκοίμισεν
1431 2899 1479 2942 in
1510 2913 1585 2943 ras
1618 2900 1683 2943 1³³
1772 2898 1872 2945 ἐκό-

195 2972 324 3014 μισεν
356 2959 400 3002 L
521 2963 575 3001 22
611 2961 794 3003 τοιοῦδε
826 2973 925 3002 corr
956 2973 980 3003 e
1010 2960 1221 3004 τοιούτου
1253 2957 1306 3004 δέ
1339 2959 1403 3003 0*
