2026 3168
131 640 150 672 5

106 1084 148 1115 10

106 1439 148 1470 14

178 130 281 181 126
719 130 946 174 LIBANH
977 129 1319 174 ORATIONES

174 267 375 334 τοίχων
421 274 533 318 τῶν
579 265 818 333 ἐμαυτοῦ
865 273 1058 336 γῆρας,
1113 265 1223 335 ὁρῶ
1271 265 1332 318 δὲ
1384 266 1587 335 μητρὸς
1639 265 1856 334 πολιάν,

175 354 284 424 ὁρῶ
326 351 386 406 δὲ
424 355 522 407 τὸν
560 352 772 422 ἐκείνης
803 354 1050 422 ἀδελφὸν
1081 354 1234 406 οὔπω
1268 353 1622 424 ἀφῃρημένον
1660 354 1721 406 τὸ
1756 361 1856 407 τοῦ

173 443 378 513 πατρὸς
426 443 615 511 ὄνομα,
663 442 773 513 ὁρῶ
821 440 882 495 δὲ
930 442 1175 511 ἀδελφόν
1220 462 1278 494 τε
1326 443 1700 512 πρεσβύτερον
1748 443 1853 510 ἤδη

173 532 398 584 πάππον
443 530 779 600 κεκλημένον
826 539 1217 599 συμφοιτητῶν
1261 550 1318 583 τε
1364 528 1529 600 ἔθνη,
1583 533 1711 593 τοὺς
1755 528 1858 599 μὲν

176 619 237 673 ἐν
276 619 466 690 ἀρχαῖς
505 619 794 689 φανέντας,
835 622 964 682 τοὺς
1003 620 1063 672 δὲ
1108 619 1481 688 δικαζομένοις
1519 620 1854 688 συμμάχους,

174 710 374 777 φίλους
411 728 468 761 τε
505 707 791 781 πατρῴους
834 708 1055 776 ὀλίγους
1093 728 1154 776 γε
1193 707 1507 778 ἐρρωμένην
1551 728 1607 760 τε
1653 710 1855 777 πλήθει

173 806 366 866 σοφῶν
396 798 498 865 τὴν
528 799 711 866 πόλιν,
744 798 883 850 ὥστε
914 798 1126 866 ἡδόμην
1155 817 1213 850 τε
1246 797 1385 866 ὁμοῦ
1416 795 1507 850 καὶ
1539 795 1856 864 ἐδεδοίκειν,

173 887 233 938 τὸ
266 885 384 954 μέν,
425 885 509 938 ὅτι
540 894 635 953 τῆς
666 887 936 954 τοσαύτης
967 906 1024 938 τε
1054 884 1146 939 καὶ
1181 886 1436 954 τοιαύτης
1464 887 1689 954 πολίτης
1719 891 1856 953 εἴην,

173 975 232 1027 τὸ
289 974 366 1043 δέ,
423 974 507 1027 ὅτι
560 975 910 1043 παγχάλεπόν
964 974 1115 1028 ἐστιν
1168 975 1311 1028 οὕτω
1359 975 1602 1043 μεγάλην
1652 975 1855 1041 λαβεῖν.

174 1061 258 1114 87.
304 1063 337 1131 ἡ
385 1064 530 1132 Τύχη
580 1065 647 1132 δὴ
695 1062 984 1117 κάνταῦθα
1023 1062 1247 1133 ἐβοήθει
1285 1066 1420 1134 πρός
1456 1083 1514 1116 τε
1553 1064 1619 1115 τὰ
1655 1065 1854 1115 πολλα-

173 1152 343 1219 χόθεν
381 1150 712 1222 ἐρωτήματα,
754 1152 816 1205 ἐν
855 1150 1233 1222 ἐργαστηρίοις
1274 1153 1334 1205 δὲ
1369 1160 1531 1205 τοῦτο
1563 1148 1633 1220 ἧν
1671 1153 1854 1220 γιγνό-

171 1259 358 1308 μενον,
399 1239 711 1294 ἀπαντῶντι
747 1240 839 1293 καὶ
886 1239 1072 1310 ἐπειδὴ
1120 1240 1192 1294 δι’
1238 1241 1449 1309 ἀγῶνος
1497 1241 1682 1303 αὐτοῖς
1721 1257 1852 1293 ποτε

172 1326 301 1397 ἔδει,
332 1331 414 1391 τίς
444 1347 575 1382 ποτε
606 1326 693 1398 ἦν,
726 1337 991 1399 φανῆναι·
1024 1340 1243 1400 πρῶτον
1274 1330 1375 1398 μὲν
1406 1331 1510 1399 γὰρ
1544 1329 1855 1398 ἐδεήθησαν

173 1414 340 1470 οὐδὲν
392 1426 505 1470 τῶν
557 1420 664 1471 σὺν
716 1420 932 1489 θωπείᾳ
986 1417 1361 1482 συλλεξόντων
1421 1417 1673 1486 ἕκαστον,
1728 1415 1845 1470 ἀλλ’

82 1517 125 1560 R
146 1522 200 1561 63
226 1505 435 1574 ἐξήρκει
471 1506 477 1576 Ι
512 1506 775 1574 γενέσθαι
808 1508 997 1575 δῆλον,
1029 1507 1102 1569 ὡς
1134 1506 1333 1578 ἐροίην.
1377 1504 1560 1559 ἔπειτα
1591 1506 1694 1559 οὐκ
1726 1504 1853 1558 ἀνα-

107 1969 148 2000 20

172 1596 456 1663 μείναντες
501 1596 663 1663 ἥλιον
703 1595 1137 1664 ἐνεπεπλήκεσαν
1186 1597 1246 1648 τὸ
1297 1598 1711 1664 βουλευτήριον,
1761 1592 1851 1646 καὶ

173 1682 324 1747 ἔδοξε
363 1685 486 1737 τότε
523 1693 747 1754 πρῶτον
785 1681 927 1737 εἶναι
969 1685 1071 1737 οὐκ
1110 1684 1383 1754 ἀποχρῶν,
1431 1684 1567 1736 ὥστε
1613 1682 1718 1750 ἐγὼ
1750 1679 1855 1751 μὲν

172 1771 594 1840 ἐπυνθανόμην,
641 1774 688 1824 εἰ
734 1773 859 1839 ἥκοι
903 1792 1008 1841 τις,
1057 1772 1085 1825 ὁ
1133 1782 1260 1835 παῖς
1306 1772 1367 1825 δὲ
1413 1770 1518 1840 ἔφη
1564 1772 1718 1834 τινὰς
1763 1769 1854 1823 καὶ

173 1860 344 1913 αὐτοῦ
390 1867 741 1930 κοιμηθῆναι.
819 1861 904 1913 88.
958 1869 1057 1913 τοῦ
1103 1863 1267 1914 θείου
1314 1859 1377 1913 δέ
1420 1879 1485 1928 με
1537 1859 1853 1927 εἰσάγοντος

172 1949 468 2018 τρέμοντος
506 1951 735 2018 μειδιῶν
772 1969 830 2002 τε
870 1950 1032 2013 αὐτὸς
1071 1950 1299 2018 εἱπόμην
1336 1949 1548 2019 θάρσος
1586 1947 1851 2016 ἐμβαλού-

172 2051 268 2105 σης
312 2045 408 2106 τῆς
461 2039 636 2107 Τύχης
688 2038 778 2091 καὶ
832 2038 1051 2105 βλέπων
1103 2040 1180 2101 εἰς
1225 2039 1323 2091 τὸν
1370 2039 1553 2106 ὄχλον,
1600 2037 1778 2105 ὥσπερ
1823 2035 1852 2089 ὁ

165 2124 442 2194 Ἀχιλλεὺς
474 2128 551 2189 εἰς
574 2128 639 2179 τὰ
672 2127 828 2194 ὅπλα,
860 2125 1180 2198 ἐτερπόμην,
1211 2127 1386 2198 τούτῳ
1418 2122 1478 2178 δὲ
1503 2126 1653 2178 οὔπω
1679 2124 1854 2191 λέγων

291 2246 346 2284 22
377 2241 428 2285 Il.
461 2258 487 2285 τ
513 2245 566 2285 18

291 2349 313 2387 1
357 2362 401 2388 οι
440 2345 490 2388 in
528 2343 693 2403 τοίχων
729 2345 778 2388 in
817 2359 892 2389 ras
924 2345 990 2389 13²
1032 2346 1038 2404 Ι
1079 2345 1246 2396 πολιάς
1271 2346 1314 2388 V
1346 2346 1393 2387 et
1431 2343 1587 2387 Gasda
1622 2342 1852 2399 pluralem

169 2403 275 2446 usui
299 2403 557 2447 Libaniano
591 2404 1009 2448 convenientiorem
1034 2405 1206 2458 dicens,
1239 2405 1288 2447 at
1312 2403 1368 2447 of.
1392 2419 1436 2459 p.
1464 2407 1533 2456 83,
1559 2407 1584 2445 ὁ
1678 2406 1702 2444 2
1737 2399 1850 2445 ἐκεί-

170 2478 270 2513 νοις
300 2464 344 2506 L
378 2463 384 2520 Ι
428 2480 452 2506 o
484 2463 533 2506 in
565 2462 866 2521 ἀφῃρημένον
899 2477 999 2506 corr
1031 2477 1085 2506 ex
1117 2482 1150 2507 ω
1187 2463 1225 2507 C
1341 2467 1366 2506 3
1397 2478 1445 2505 τε
1477 2474 1551 2504 om
1582 2463 1626 2504 L
1745 2465 1771 2503 4
1803 2476 1850 2504 τε

172 2535 246 2564 om
272 2522 354 2565 VL
461 2527 485 2565 6
520 2521 779 2579 ἐρρωμένην
813 2537 912 2566 corr
944 2536 1000 2566 ex
1032 2520 1263 2578 ἐρωμένην
1297 2521 1360 2566 0¹²
1475 2525 1497 2562 7
1532 2517 1727 2564 ἐδεδίειν
1755 2520 1797 2563 V

172 2584 198 2623 8
228 2596 277 2624 τε
309 2593 384 2623 om
410 2581 492 2624 VL
624 2586 648 2624 9
683 2580 824 2639 ἐστιν]
857 2581 940 2638 τὴν
967 2582 1049 2626 VL
1171 2584 1225 2624 10
1258 2580 1316 2636 δὴ
1347 2581 1393 2624 Ρ
1422 2580 1485 2634 eb,
1499 2580 1540 2635 (e
1573 2578 1623 2621 δὲ
1657 2579 1771 2634 corr)
1805 2579 1850 2621 A

170 2639 281 2682 Ferr
312 2641 359 2682 et
389 2656 456 2695 γρ.
490 2639 591 2682 Mor
621 2640 671 2682 in
697 2653 831 2696 marg
902 2640 952 2683 δὲ
988 2641 1074 2684 CB
1086 2641 1168 2684 VL
1198 2639 1299 2681 Mor
1329 2638 1397 2681 Re
1491 2638 1569 2680 ‘n
1604 2636 1849 2694 γινόμενον

171 2698 272 2742 BV
394 2703 447 2740 12
480 2714 591 2741 ποτε
622 2712 697 2741 om
723 2700 816 2751 VL,
851 2699 1070 2742 cancellis
1101 2698 1292 2741 inclusiiz
1322 2698 1422 2740 Mor
1544 2701 1596 2739 13
1628 2712 1738 2740 ποτε
1770 2695 1849 2738 de-

169 2756 360 2800 lendum
393 2758 548 2800 censet
578 2757 660 2811 Re,
692 2757 998 2813 probabiliter
1105 2762 1158 2799 14
1194 2754 1416 2808 λεξάντων
1448 2756 1493 2799 Β
1601 2760 1654 2798 15
1688 2755 1846 2798 Thom.

170 2815 231 2858 M.
265 2830 309 2871 p.
338 2819 437 2869 160,
462 2820 486 2858 7
521 2831 553 2858 s.
587 2830 627 2858 ν.
669 2814 862 2872 ἐροίην
902 2817 1008 2860 ἀντὶ
1044 2822 1126 2860 τοῦ
1166 2814 1398 2871 λέξοιμι·
1444 2813 1666 2872 Λιβάνιος
1705 2813 1754 2857 ἐν
1791 2816 1855 2873 τῷ

171 2875 278 2929 περὶ
307 2879 388 2930 τῆς
419 2873 585 2918 ἑαυτοῦ
616 2874 757 2932 τύχης
889 2880 942 2918 18
974 2873 1075 2931 ἥκει
1105 2872 1175 2924 τίς
1200 2875 1243 2918 V
1372 2878 1426 2916 22
1458 2880 1593 2917 τοῦτο
1626 2874 1669 2917 L
1701 2874 1748 2916 et
1778 2889 1845 2929 γρ.

171 2933 272 2977 Mor
302 2933 351 2976 in
382 2946 515 2990 marg

2008 223 2026 407 “afflat-nb·
