2026 3168
186 138 293 191 288
727 137 954 181 LIBANII
987 137 1330 183 ORATIONES

185 273 447 343 γέροντος
478 274 579 342 τὴν
603 273 834 343 ἀτυχίαν
856 276 1114 343 νομίζειν,
1145 275 1328 345 ὥσπερ
1361 275 1493 328 οὐδὲ
1522 284 1634 328 τῶν
1657 285 1868 345 μικρῶν

184 362 217 431 ἢ
252 372 428 432 σιμῶν
459 363 491 432 ἢ
521 371 726 432 κωφῶν
755 361 788 430 ἢ
821 365 1070 431 τυφλῶν·
1118 363 1166 415 3.
1199 365 1247 416 εἰ
1279 358 1329 416 δ’
1366 361 1482 417 ἔστι
1513 372 1746 434 φρονεῖν
1775 363 1866 417 καὶ

184 452 322 521 πρὸς
370 459 534 504 τοῦτο
586 451 869 524 προβάντα
918 452 1125 520 χρόνου
1175 450 1264 504 καὶ
1313 454 1456 505 πολὺ
1495 455 1720 516 πλείους
1756 463 1867 506 τῶν

140 563 162 593 4
184 548 348 594 τοῦτο
387 542 687 593 παθόντων
719 541 771 592 οἱ
810 540 882 608 μὴ
923 542 1198 603 παθόντες
1238 541 1361 608 εἰσί,
1401 543 1458 593 τί
1493 541 1577 594 δεῖ
1606 543 1741 596 κατὰ
1772 549 1868 610 τῆς

96 643 138 687 R
160 645 242 685 209
275 637 452 698 ψυχῆς
483 629 584 697 τὴν
614 628 832 697 ἡλικίαν
867 628 872 697 Ι
908 629 1208 696 λαμβάνειν
1233 629 1322 681 καὶ
1346 631 1588 698 νομίζειν
1610 631 1670 683 τὸ
1696 639 1867 701 γῆρας

186 717 245 771 ἐν
285 717 431 790 αὑτῷ
473 716 564 770 καὶ
614 718 675 770 τὸ
727 722 918 787 ληρεῖν
966 719 1228 787 κομίζειν;
1303 719 1354 772 4.
1401 718 1433 788 ἢ
1473 720 1543 772 σὺ
1581 722 1868 789 τολμήσεις

185 808 376 874 εἰπεῖν,
423 806 495 869 ὡς
541 805 721 877 ἐλήρει
767 806 868 875 μὲν
909 807 1161 875 Πλάτων,
1212 805 1392 876 ἐλήρει
1441 807 1502 860 δὲ
1540 806 1867 878 Ἰσοκράτης,

183 894 366 964 ἐλήρει
406 895 467 948 δὲ
507 898 827 963 Σοφοκλῆς,
871 895 971 948 οὐκ
1011 893 1316 965 ἐσωφρόνει
1356 896 1417 949 δὲ
1457 898 1718 966 Γοργίας,
1765 897 1898 950 οὐκ.

182 982 303 1053 ᾔδει
351 982 401 1039 δ’
447 982 645 1036 ἑαυτὸν
683 983 715 1037 ὁ.
761 986 1004 1046 Τυανεὺς
1049 982 1278 1049 ἐκεῖνος;
1355 984 1404 1037 5.
1437 982 1673 1055 Ὅμηρος
1715 986 1777 1040 δὲ
1814 989 1872 1039 τί

118 1098 160 1130 10
184 1073 382 1141 μαθὼν
429 1074 506 1135 εἰς
538 1072 716 1126 Ἴλιον
760 1074 880 1141 ἄγει
925 1074 1023 1126 τὸν
1063 1075 1282 1128 Πύλιον
1327 1073 1562 1144 γέροντα
1606 1076 1705 1128 τὸν
1751 1083 1867 1138 τοῖς

183 1182 241 1215 τε
281 1164 562 1225 Λαπίθαις
599 1161 1091 1231 συνηγωνισμένοι]
1129 1161 1220 1216 καὶ
1258 1164 1391 1232 μετὰ
1429 1173 1540 1216 τῶν
1572 1162 1868 1233 Ἀτρειδῶν

184 1249 443 1316 πλέοντα;
493 1247 527 1319 ἦ
578 1251 672 1304 ἵνα
721 1249 930 1319 γέλωτα
980 1251 1187 1322 παρέχῃ
1238 1261 1353 1315 τοῖς
1380 1250 1611 1321 Ἀχαιοῖς
1649 1251 1711 1306 ἐν
1747 1260 1866 1316 ταῖς

181 1338 321 1408 ὑπὲρ
376 1349 491 1392 τῶν
542 1339 688 1392 ὅλων
741 1342 969 1408 βουλαῖς
1030 1339 1399 1411 ἐκφερόμενος
1456 1348 1556 1395 τοῦ
1619 1339 1867 1406 &domn-033

185 1428 233 1480 6.
274 1427 390 1480 ἀλλ’
437 1429 529 1481 ἵνα
574 1430 647 1497 μή
690 1449 771 1491 τις
809 1438 920 1482 τῶν
959 1427 1049 1485 σοὶ
1086 1432 1485 1498 παραπλησίων
1523 1429 1772 1500 ὑπολάβῃ
1813 1449 1865 1483 τι

119 1541 160 1574 15
183 1525 440 1571 τοιοῦτον
478 1515 697 1574 ἀκούω-ν
735 1517 797 1570 τὸ
844 1518 999 1586 μετὰ
1046 1514 1113 1570 δὲ
1160 1518 1568 1587 τριτάτοισιν
1599 1519 1867 1587 ἄνασσε,

156 1605 277 1658 ,διὰ
325 1614 420 1675 τῆς
471 1606 632 1674 εὐχῆς
671 1604 1075 1675 Ἀγαμέμνονος
1126 1607 1271 1659 ἅπαν
1320 1605 1466 1660 τοῦτ’
1514 1605 1750 1676 ἀνεῖλεν,
1795 1606 1866 1674 ἣν

185 1692 474 1763 ἐποιήσατο
529 1695 666 1763 πρὸς
718 1695 815 1747 τὸν
869 1696 982 1746 Δία
1035 1692 1125 1747 καὶ
1180 1695 1277 1747 τὸν
1323 1693 1568 1747 Ἀπόλλω
1622 1693 1712 1748 καὶ
1766 1697 1866 1764 τὴν

173 1781 411 1851 Ἀθηνᾶν
450 1785 611 1852 νίκην
651 1784 833 1836 αἰτῶν.
911 1782 1069 1852 ἀφεὶς
1111 1784 1216 1852 γὰρ
1256 1788 1472 1858 Αἴαντα
1508 1784 1606 1836 τὸν
1646 1785 1866 1853 Λοκρὸν

183 1869 273 1924 καὶ
313 1872 411 1924 τὸν
449 1870 621 1940 μέγαν
658 1872 750 1924 καὶ
788 1873 886 1925 τὸν
926 1871 1145 1935 Τυδέως
1176 1872 1265 1931 καὶ
1298 1872 1468 1929 αὐτὸν
1498 1873 1596 1924 τὸν
1620 1871 1866 1942 Ἀχιλλέα

303 2036 326 2074 7
362 2031 427 2075 Of.
461 2032 692 2091 [Luciam]
731 2033 934 2076 Macrob.
970 2038 994 2086 ξ
1029 2037 1081 2075 21
1182 2032 1334 2091 [Luc]
1365 2032 1393 2075 l.
1427 2032 1456 2075 1.
1492 2037 1517 2086 ξ
1550 2037 1605 2076 23
1738 2037 1764 2077 8
1797 2032 1862 2077 Cf.

183 2090 333 2148 [Luc]
358 2090 387 2134 1.
413 2091 443 2134 1.
471 2097 524 2145 ἐξ
552 2097 607 2135 24
632 2094 679 2135 et
703 2096 772 2134 23.
842 2091 958 2134 Plin.
984 2106 1028 2134 n.
1054 2092 1097 2134 h.
1204 2107 1205 2110 ¹
1234 2097 1259 2146 ξ
1286 2096 1369 2138 156
1491 2096 1517 2135 9
1541 2091 1759 2136 philostr.
1783 2092 1862 2135 vit.

182 2149 396 2206 Apollon.
430 2151 573 2206 Tyan.
607 2151 712 2195 VHI
745 2154 797 2194 29
831 2166 876 2207 p.
911 2155 992 2194 171
1134 2156 1189 2194 10
1221 2150 1286 2195 Of.
1329 2150 1560 2209 [Luciam]
1591 2150 1620 2194 Ῑ.
1653 2150 1682 2193 l.
1718 2155 1748 2204 ξ.
1778 2156 1803 2195 3

186 2214 237 2252 11
271 2208 322 2252 11.
357 2227 386 2252 α
419 2214 503 2253 269
658 2215 710 2254 15
742 2210 793 2253 11.
828 2228 858 2253 α
890 2215 974 2253 252
1129 2215 1182 2254 16
1213 2210 1265 2253 11.
1300 2211 1329 2269 β
1360 2214 1442 2254 371
1462 2225 1527 2267 sq.

303 2347 328 2385 3
359 2349 441 2386 τοῦ
479 2341 650 2400 χρόνου
682 2343 773 2386 edd
849 2341 1019 2401 χρόνον
1051 2342 1127 2386 Mo
1171 2345 1177 2399 Ι
1219 2343 1379 2387 πολλοὶ
1410 2345 1445 2389 Ι
1600 2348 1627 2385 4
1658 2341 1803 2386 τούτω
1837 2343 1871 2385 Ι

244 2406 268 2443 6
309 2401 453 2445 ἁυτῶι
491 2402 540 2445 in
578 2403 729 2455 textu,
770 2419 824 2459 γρ
864 2410 1014 2445 ταυτῶ
1052 2402 1102 2445 in
1136 2414 1270 2458 marg
1300 2403 1345 2446 A
1434 2408 1585 2445 ταυτῶ
1624 2401 1863 2445 PBMMo

184 2504 316 2561 Bong
394 2504 534 2548 ταυτὸ
551 2505 585 2547 Ι
671 2509 694 2547 7
713 2503 924 2548 πλάττων
941 2506 976 2548 Ι
996 2507 1002 2560 Ι
1030 2503 1179 2560 ἐλήρει
1203 2505 1275 2562 δὲ]
1293 2505 1372 2550 καὶ
1389 2505 1500 2549 ΒΜ
1523 2507 1528 2559 Ι
1556 2474 1802 2559 ’ἰῗῖᾱόκράτης
1819 2504 1863 2546 A

185 2562 421 2649 gffqumg
454 2595 515 2636 Μ
602 2592 839 2649 σωκράτης
870 2594 1076 2638 PIBMo
1226 2597 1251 2636 8
1284 2610 1312 2649 η
1353 2593 1401 2635 in
1441 2594 1670 2648 σοφοκλῆς
1707 2591 1756 2634 in
1788 2604 1862 2634 ras

185 2652 380 2695 duarum
410 2651 672 2696 litter-arum
706 2652 775 2696 Ο
906 2657 961 2695 10
990 2652 1160 2696 παθὼν
1191 2651 1326 2708 Bong
1460 2655 1511 2694 11
1546 2650 1863 2708 συναγωνισά-

184 2726 325 2767 mov
356 2710 488 2769 Bong
610 2715 661 2755 12
696 2710 876 2767 ἄγοντα
904 2712 987 2760 Μο
1015 2713 1020 2767 Ι
1055 2705 1084 2767 ἦ
1118 2710 1282 2767 scripsi
1313 2707 1340 2765 ἢ
1371 2710 1482 2753 libri
1513 2710 1602 2753 θάἀ
1726 2714 1783 2753 13
1811 2710 1863 2754 ἐκ

186 2768 439 2826 φερόμενος
470 2771 557 2814 Mo
621 2768 939 2843 ἐκφερόμενον
970 2771 1039 2814 Re
1196 2775 1251 2813 14
1288 2767 1515 2827 ’ὑπολάβοι
1546 2770 1658 2813 ΒΜ
1692 2768 1774 2813 sed
1811 2768 1863 2812 in

184 2828 272 2871 1100
304 2845 347 2872 οι
378 2829 428 2872 in
451 2841 525 2871 ras
554 2828 565 2886 Ι
587 2826 632 2872 τί
657 2827 852 2873 ΟΑΙΜο
914 2843 990 2872 om
1013 2829 1057 2872 V
1174 2833 1227 2871 15
1261 2827 1313 2872 δὲ
1337 2842 1411 2871 0111
1436 2829 1547 2872 ΒΜ
1617 2844 1642 2871 τ
1671 2827 1862 2871 tortium

183 2886 238 2930 in
270 2886 550 2942 τριτάτοισιν
587 2887 638 2930 in
673 2901 749 2930 ras
783 2888 847 2931 Ov
1006 2892 1065 2931 18
1092 2887 1262 2934 Αἴαντε
1299 2886 1374 2930 vel}
1404 2885 1610 2938 Αἴαντας
1647 2885 1803 2930 Gauda

246 2950 299 2988 19
331 2947 411 2990 καὶ
442 2946 695 2992 secundum
725 2946 850 2990 inser
873 2947 945 2991 P⁴
1020 2960 1095 2989 om
1128 2947 1207 2991 CA
1220 2947 1391 2991 VII-Mo
1415 2946 1484 2989 Re
