2026 3168
69 273 125 313 32

62 2529 116 2569 33

163 122 274 175 234
706 122 932 167 LIBANII
963 123 1302 168 ORATIONES

273 263 355 311 28.
413 261 574 311 Codex
626 262 940 312 Parisinus
991 263 1192 327 Suppl.
1248 282 1317 328 gr.
1361 266 1462 314 656
1518 265 1838 328 bombycinus

157 337 343 385 formae
384 338 586 385 octavae
627 330 716 403 (21
746 346 816 388 ><
845 331 959 404 14),
1007 338 1192 385 sacculi
1228 339 1320 385 XV
1367 355 1395 386 a
1433 340 1649 389 Minoide
1688 340 1838 402 Myna

157 427 216 459 ex
255 410 454 458 Oriente
494 410 729 459 advectus
768 413 988 459 continet
1025 414 1137 472 post
1174 411 1346 460 Iliadis
1393 412 1475 461 lib.
1508 413 1559 461 H
1601 414 1703 461 158
1720 413 1838 460 —V

157 487 207 532 et
244 485 473 546 Dionysii
515 484 715 532 Catonis
755 485 966 533 disticha
1005 501 1034 532 a
1072 485 1285 534 Maximo
1325 485 1548 534 Planude
1586 503 1749 536 versa:

266 559 349 606 fol.
385 559 451 606 83
494 555 661 622 μελέτη
700 558 925 622 λιβανίου
964 565 1050 622 τῆς
1090 554 1291 626 λάλουι)

269 633 335 679 89
378 629 667 697 ἀφαιρεθεὶς
698 639 784 696 τῆς
814 632 1084 699 βρισηίδος,
1116 635 1169 680 in
1199 650 1355 698 marg.
1387 630 1418 697 ἡ
1452 631 1616 698 μελέτη
1648 632 1694 697 ἆ,
1727 651 1836 683 cum

154 705 439 768 protheoria
479 699 574 772 (IV
608 708 672 754 81
702 699 797 773 sq.)

271 789 374 835 100
414 787 690 852 λιβανίου
730 794 1020 850 σοφιστοῦ
1059 787 1203 854 πρὸς
1242 786 1378 846 τοὺς
1424 787 1612 854 βαρὺν
1658 788 1835 839 αὐτὸν

154 855 446 933 καλέσαντας
557 875 699 941 λόγος
738 877 770 940 β

270 957 401 1004 106v
438 963 525 1005 τοῦ
564 955 716 1006 αὐτοῦ
755 956 878 1023 πρὸς
916 955 1030 1016 τοὺς
1067 954 1212 1015 νέους
1250 954 1359 1023 περὶ
1397 964 1483 1005 τοῦ
1522 957 1670 1023 λόγου
1756 958 1836 1008 λό-

153 1047 238 1095 9²⁰9
275 1049 306 1094 7

269 1106 372 1152 110
434 1102 543 1169 περὶ
581 1111 667 1153 τοῦ
708 1102 775 1168 μὴ
814 1106 980 1171 ληρεῖν
1074 1104 1237 1170 ,λόγος
1276 1104 1306 1153 ὃ

267 1179 371 1226 114
432 1185 519 1227 τοῦ
558 1177 710 1227 αὐτοῦ
748 1176 857 1245 περὶ
896 1176 1163 1242 ἀπληστίας
1270 1178 1412 1244 λόγος
1451 1195 1479 1235 ς

267 1253 397 1300 115γ
435 1251 842 1317 προσφωνητικὸς
883 1251 1112 1301 ἰουλιανῶ
1225 1252 1367 1318 λόγος
1406 1253 1432 1312 ζ

267 1327 398 1374 120V
436 1326 655 1390 μονωὸία
693 1326 762 1385 εἰς
802 1324 1054 1375 ἰουλιανὸν
1093 1330 1234 1392 λογος
1272 1323 1525 1386 ἑνδέκατος

267 1401 371 1447 124
433 1398 687 1463 ἐπιτάφιος
726 1399 794 1458 εἰς
832 1399 917 1450 τὸν
956 1399 1105 1449 αὐτον
1145 1400 1396 1450 ἰουλιανόν
1507 1403 1594 1466 λογ
1633 1400 1684 1449 ιΤκ

266 1475 366 1521 161
431 1481 518 1522 τοῦ
557 1473 709 1522 αὐτοῦ
748 1472 858 1539 περὶ
897 1474 1193 1540 manuductum
1234 1468 1319 1540 (ιθ
1356 1474 1465 1522 add.
1506 1469 1704 1542 Mynas)

266 1548 396 1595 163v
433 1555 520 1596 τοῦ
552 1546 703 1597 αὐτοῦ
727 1546 932 1612 ἀντιόχω
963 1547 1371 1613 παραμυθητικὸς
1403 1543 1471 1613 (κ’
1497 1549 1604 1596 add.
1630 1543 1829 1616 Mynas)

266 1622 367 1668 167
431 1628 518 1669 τοῦ
549 1620 702 1670 αὐτοῦ
725 1621 795 1679 εἲς
817 1620 1083 1670 εὐστάθιον
1107 1620 1191 1670 τὸν
1215 1629 1339 1688 κᾶρα
1373 1615 1473 1688 (κα’
1497 1622 1606 1670 add.
1631 1617 1829 1690 Mynas)

266 1711 367 1758 168
430 1717 516 1758 τοῦ
557 1708 708 1758 αὐτοῦ
748 1709 966 1773 μονωὸία
1005 1708 1083 1758 ἐπὶ
1127 1710 1415 1774 νικομηὸεία
1462 1705 1548 1778 (κβ
1583 1711 1692 1759 add.
1724 1712 1830 1774 My-

150 1777 276 1851 nas).
353 1784 550 1832 Desinit
587 1784 707 1832 folio
751 1786 869 1832 171.

259 1857 319 1905 In
364 1860 585 1922 margine
631 1859 866 1906 lectiones
912 1859 1079 1906 variae
1128 1861 1177 1905 et
1222 1859 1407 1906 scholia
1452 1875 1602 1907 manu
1639 1859 1831 1908 librarii

148 1931 302 1993 ipsius
341 1932 420 1979 vel
458 1932 571 1979 huic
611 1933 806 1993 aequali
843 1933 1007 1994 posita
1046 1935 1172 1980 sunt.

261 2005 391 2053 Ordo
431 2006 710 2057 orationum
749 2008 798 2053 et
836 2007 1028 2053 numeri
1066 2007 1272 2070 singulis
1310 2022 1461 2054 manu
1506 2006 1698 2055 librarii
1743 2022 1828 2068 ap-

148 2079 299 2140 positi
337 2080 669 2141 lectionesque
706 2095 817 2127 mea
855 2095 1004 2128 causa
1042 2081 1102 2127 ab
1142 2080 1354 2128 Henrico
1393 2075 1617 2144 Lebegue
1656 2081 1828 2128 huma-

148 2152 346 2200 nissime
374 2153 644 2215 exscriptae
669 2153 1007 2201 demonstrant
1040 2154 1253 2201 codicem
1285 2155 1381 2201 nisi
1412 2170 1437 2201 e
1460 2154 1828 2202 Vindobonensi

147 2227 272 2287 ipso,
312 2229 441 2275 certe
473 2243 530 2275 ex
561 2227 731 2275 eodem
763 2243 859 2288 quo
890 2227 969 2275 hic
1002 2228 1237 2289 exemplo,
1277 2227 1359 2276 sed
1399 2229 1827 2292 neglegentissime

148 2300 413 2347 deductum
450 2316 608 2362 neque
647 2301 798 2348 ullius
837 2302 985 2363 pretii
1025 2317 1140 2349 esse.

260 2373 486 2422 Codicem
523 2391 686 2422 meum
722 2375 776 2421 in
811 2390 952 2422 usum
985 2376 1389 2423 examinaverunt
1419 2375 1648 2423 Alfredus
1680 2375 1825 2423 Iacob

149 2447 198 2493 et
234 2447 475 2496 Henricus
514 2443 754 2512 Lebegue.

263 2523 345 2569 29.
402 2519 562 2569 Codex
600 2521 922 2569 Vaticanus
970 2539 1039 2586 gr.
1085 2523 1222 2570 1835
1269 2521 1590 2583 bombycinus
1641 2521 1825 2569 formae

149 2596 352 2642 octavae
394 2587 484 2660 (19
513 2604 583 2646 ><
612 2588 702 2661 13)
745 2595 926 2642 saeculi
964 2595 1087 2643 XIII
1125 2596 1344 2643 exeuntis
1383 2596 1462 2643 vel
1482 2595 1617 2661 {IV
1656 2595 1825 2642 ineun-

148 2668 227 2731 tis,
265 2668 510 2716 vermibus
550 2684 770 2716 corrosus
811 2671 860 2715 et
899 2670 1036 2716 tenui
1074 2669 1358 2716 membrana
1395 2663 1674 2730 reparatus,
1713 2672 1825 2730 post

147 2743 417 2789 tractatum
467 2742 724 2803 physicum
776 2742 1066 2804 acephalum
1121 2745 1170 2789 et
1218 2743 1559 2803 imperfectum
1610 2743 1824 2790 continet

269 2927 310 2982 1)
342 2925 487 2969 Tituli
520 2927 626 2969 sunt
657 2925 893 2969 rubricati.
