2026 3168
617 153 843 198 LIBANII
873 151 1214 198 ORATIONES
1685 153 1758 207 33

77 294 549 358 duodesexagesima
591 292 821 343 ἰουλιανῶ
891 287 1043 358 ’Api’
1085 292 1131 342 εἰ
1165 290 1248 341 καὶ
1287 290 1354 357 μὴ
1394 287 1489 360 (--
1525 287 1654 360 637)

75 368 512 432 undesexagesima
543 383 697 431 eaque
729 367 906 416 ultima
979 374 1046 416 τῶ
1060 365 1239 508 (αὐτῶτ
1275 362 1469 433 Κ]ύρος
1499 364 1525 417 ὁ
1557 365 1761 433 χρηστὸς

1086 462 1153 481 --
1189 442 1290 488 947
1323 481 1332 490 .
1380 478 1382 481 ψ

190 515 413 564 Secunda
451 531 567 578 pars
606 516 715 563 folii
756 516 884 563 4771
921 517 971 563 et
1007 515 1185 563 folium
1223 435 1358 563 47ὶῖν
1395 531 1552 563 vacua
1591 518 1718 563 sunt.

191 589 365 638 Codice
394 590 583 652 primus
614 605 732 638 usus
764 592 840 638 est
869 588 983 637 Leo
1007 589 1275 637 Allatius
1308 589 1393 651 qui
1423 589 1475 636 in
1501 589 1758 652 Excerptis

75 663 228 712 variis
268 662 565 712 Graecorum
603 663 935 725 sophistarum
973 678 1030 712 ac
1067 662 1340 724 rhetorum,
1387 663 1573 711 Romae
1617 665 1756 711 1641

78 754 136 786 ex
181 753 236 785 eo
285 736 439 784 edidit
481 735 738 802 ἐκφράσεις
774 735 1095 803 πανηγύρεως
1134 739 1184 784 et
1221 733 1535 802 Προμηθέως
1585 731 1656 802 (Ρ.
1691 738 1760 785 84

82 812 251 871 -89;
300 805 623 877 ,99-106),
678 811 950 860 orationem
994 810 1065 869 εἰς
1113 808 1198 869 τὰς
1243 809 1490 870 καλάνδας
1540 804 1608 878 (Ρ.
1655 811 1758 859 115

81 877 292 952 -124)
334 901 484 946 quam
521 885 646 933 falso
685 886 938 947 inscripsit
979 883 1217 975 ἕκφρασιν
1255 884 1535 945 καλανδῶνς
1575 884 1759 951 χρείαν·

84 957 396 1024 Θεόφραστος
451 953 519 1025 (Ρ.
569 960 745 1007 342-
683 959 907 1020 —352⁸-,
964 957 1188 1024 γνώμην·
1243 961 1342 1007 Δεῖ
1386 955 1449 1022 δὴ
1503 957 1762 1024 χρημάτων

78 1025 151 1100 (Ρ.
178 1033 355 1081 353—
292 1026 509 1099 —359),
541 1030 840 1096 ἀνασκευήν·
875 1027 981 1081 Ὅτι
1013 1030 1105 1081 οὐκ
1134 1031 1296 1082 εἰκότα
1331 1025 1402 1099 (Ρ.
1430 1027 1763 1100 359—372),

78 1105 404 1170 κατασκευήν
446 1101 551 1155 Ὅτι
596 1105 758 1156 εἰκότα
804 1101 874 1173 (p.
917 1108 1093 1155 373—
1030 1099 1230 1172 —381)
1288 1109 1338 1154 et
1389 1107 1534 1168 plura
1588 1110 1763 1170 postea

80 1179 222 1228 edere
249 1181 461 1228 voluisse
484 1180 679 1229 videtur
684 1174 739 1247 ¹,)
765 1182 807 1229 si
839 1181 1037 1242 quidem
1067 1181 1120 1227 in
1150 1181 1374 1244 margine
1402 1181 1547 1229 huius
1580 1181 1761 1230 codicis

78 1254 313 1302 lectiones
352 1254 682 1317 discrepantes
721 1256 888 1316 posuit
925 1254 1148 1302 codicum
1185 1254 1289 1302 Pal.
1325 1256 1429 1302 277
1471 1257 1520 1302 et
1554 1256 1656 1302 148
1700 1255 1762 1303 ad

78 1327 262 1393 χρείαν·
308 1327 641 1393 Θεόφραστος;
673 1327 896 1393 γνώμην
938 1330 1035 1376 Δεῖ
1057 1327 1118 1391 δὴ
1144 1327 1423 1393 χρημάτων;
1457 1325 1757 1391 ἀνασκευήν·

75 1396 183 1450 Ὅτι
221 1399 313 1450 οὐκ
350 1400 526 1466 εἰκότα,
565 1402 788 1450 codicum
825 1401 929 1450 Pal.
964 1403 1084 1463 282,
1123 1401 1236 1454 Vat.
1278 1403 1361 1450 81.
1404 1403 1486 1450 82.
1529 1403 1612 1450 84.
1657 1405 1756 1452 941

79 1475 143 1524 ad
182 1477 455 1523 orationem
492 1475 616 1541 πρὸς
642 1470 900 1540 Ἀντιοχεῖς
937 1472 1058 1541 ὑπὲρ
1094 1481 1181 1539 τῆς
1211 1481 1299 1524 τοῦ
1330 1473 1564 1540 βασιλέως
1595 1472 1763 1542 ὀργῆς,

78 1549 301 1598 codicum
345 1549 450 1597 Pal.
493 1551 620 1611 282,
659 1550 773 1599 Vat.
817 1551 900 1600 81.
943 1551 1027 1597 82.
1069 1551 1172 1598 939
1222 1549 1285 1598 ad
1331 1551 1605 1598 orationem
1651 1548 1768 1617 περι

77 1629 166 1687 τῆς
211 1623 448 1689 τιμωρίας
475 1618 771 1688 Ἰουλιανοῦ,
819 1624 1041 1672 codicum
1078 1622 1182 1671 Pal.
1226 1625 1356 1686 282,
1394 1624 1508 1673 Vat.
1550 1625 1634 1672 81.
1667 1625 1761 1679 ¹82.

82 1697 201 1745 939.
237 1698 354 1745 941.
391 1698 531 1746 1835
573 1697 637 1745 ad
676 1699 949 1746 orationem
986 1695 1110 1763 πρὸς
1147 1695 1263 1756 τοὺς
1300 1695 1460 1763 βαρὺν
1492 1696 1643 1747 αὐτὸν
1673 1716 1761 1746 κα-

78 1768 326 1834 λέσαντας,
364 1771 586 1820 codicum
623 1771 728 1829 Pal.
764 1773 883 1834 282,
915 1772 1029 1819 Vat.
1064 1772 1148 1819 81.
1183 1773 1303 1819 939.
1338 1773 1439 1820 941
1483 1771 1547 1820 ad
1579 1772 1762 1820 oratio-

79 1860 192 1891 nem
229 1842 338 1909 περὶ
375 1851 463 1893 τοῦ
504 1844 569 1908 μὴ
609 1847 791 1912 ληρεῖν,
836 1845 1058 1894 codicum
1094 1845 1199 1892 Pal.
1242 1846 1370 1906 282,
1409 1845 1521 1895 Vat.
1565 1847 1647 1893 81.
1691 1847 1760 1894 84

79 1918 143 1966 ad
182 1933 248 1966 or.
288 1914 410 1983 ὑπὲρ
455 1918 748 1984 Θαλασσίου,
787 1919 1007 1967 codicum
1045 1918 1148 1968 Pal.
1183 1919 1286 1966 282
1328 1921 1377 1967 et
1407 1919 1520 1967 Vat.
1557 1920 1659 1968 939
1697 1919 1759 1968 ad

80 2007 149 2041 or.
198 1989 322 2056 πρὸς
366 1990 457 2055 τὴν
502 1991 713 2056 βουλήν,
763 1993 943 2041 codicis
988 1991 1090 2040 Pal.
1133 1993 1237 2041 282
1287 1992 1351 2040 ad
1397 2009 1464 2041 or.
1511 1991 1635 2059 πρὸς
1672 1992 1759 2043 τὸν

79 2063 294 2130 βασιλέα,
334 2065 554 2114 codicum
592 2065 695 2113 Pal.
731 2067 834 2114 282
873 2069 923 2116 et
952 2066 1065 2114 Vat.
1100 2067 1165 2114 81
1210 2066 1272 2115 ad
1310 2082 1378 2114 or.
1417 2063 1540 2132 ὑπὲρ
1579 2065 1758 2116 ἑαυτοῦ

80 2137 163 2187 διὰ
208 2137 299 2203 τὴν
344 2138 468 2205 πρὸς
508 2134 756 2204 Ἀντίοχον
802 2139 1122 2206 συνηγορίαν,
1173 2140 1350 2189 codicis
1396 2139 1501 2189 Pal.
1544 2142 1648 2189 282
1698 2141 1763 2189 ad

81 2228 149 2260 or.
188 2212 312 2279 πρὸς
345 2208 667 2278 Ἀναξέντιον,
706 2213 928 2262 codicum
966 2213 1069 2265 Pal.
1105 2215 1207 2263 282
1249 2217 1300 2262 et
1329 2214 1443 2263 Vat.
1478 2215 1543 2263 81
1589 2215 1652 2275 ad
1692 2231 1760 2265 or.

77 2284 187 2351 περὶ
218 2293 314 2335 τῶν
346 2286 636 2352 φαρμάκων,
671 2285 791 2335 κατὰ
816 2283 1029 2353 Ἰκαρίου
1061 2287 1302 2353 δεύτερον,
1333 2286 1455 2336 κατὰ
1485 2289 1758 2353 Σιλβανοῦ,

80 2360 301 2408 codicum
332 2361 445 2408 Vat.
481 2363 563 2408 82.
607 2363 727 2410 940.
770 2363 872 2410 956
915 2362 978 2409 ad
1016 2361 1423 2410 declamationem
1457 2361 1761 2428 φιλάργυρος

78 2431 328 2499 ἐρασθείς,
375 2435 556 2483 codicis
586 2435 700 2482 Vat.
743 2436 809 2482 82
859 2435 921 2482 ad
961 2435 1079 2483 decl.
1113 2433 1358 2501 ἐγράψατό
1398 2454 1471 2494 τις
1517 2436 1602 2486 τὸν
1648 2434 1761 2485 ἓαυ-
1858 2464 1862 2467 -

62 2513 167 2555 ’τοῦ
205 2507 371 2556 παῖδα.
450 2507 732 2557 Orationem
772 2507 894 2574 πρὸς
928 2503 1185 2574 Ἀντιοχεῖς
1222 2507 1331 2575 περὶ
1371 2516 1458 2574 τῆς
1495 2516 1583 2558 τοῦ
1621 2510 1762 2574 βασι-

79 2578 200 2639 λέως
244 2578 427 2646 ὀργῆς,
467 2582 674 2631 fortasse
726 2585 878 2630 etiam
926 2583 1049 2632 alias
1097 2599 1155 2631 ex
1199 2584 1292 2631 hoc
1338 2583 1500 2632 codice
1547 2584 1760 2645 descrip-

79 2655 158 2703 tas
212 2670 315 2703 sese
368 2655 553 2717 publici
605 2656 728 2705 iuris
790 2658 1039 2704 factunm
1099 2672 1202 2705 esse
1262 2658 1492 2719 promisit
1543 2657 1760 2706 Henri-

81 2743 179 2776 cus
217 2723 565 2796 Valesius2),
613 2729 696 2779 sed
734 2733 891 2778 morte
931 2730 1194 2792 impeditus
1234 2733 1308 2779 est
1347 2732 1608 2794 quominus
1647 2747 1760 2793 pro-

201 2842 242 2896 1)
275 2839 396 2897 cf.p
403 2845 484 2885 .58
510 2842 556 2884 et
579 2841 806 2898 Legrand,
838 2840 957 2885 Bibl.
983 2840 1103 2884 Hell.
1139 2855 1197 2885 au
1228 2841 1356 2885 XVII
1387 2842 1527 2886 siecle
1550 2842 1572 2886 Ι
1597 2846 1695 2886 230.

201 2902 244 2956 2)
274 2900 443 2943 Adnot
479 2900 539 2943 ad
569 2899 689 2943 Socr.
716 2900 824 2943 hist.
850 2899 959 2943 eccl.
985 2899 1049 2943 [Π
1074 2905 1127 2943 17
1159 2915 1204 2957 p.
1232 2905 1315 2944 190
1347 2901 1418 2945 ed..
1452 2901 1595 2946 Paris.
1624 2905 1758 2945 1668:

81 2956 215 3001 Haec
240 2959 386 3002 oratio
403 2973 601 3072 penes&r
565 2973 631 3002 me
654 2964 787 3012 extat,
820 2959 1044 3014 descripta
1067 2973 1122 3003 ex
1145 2960 1320 3005 duobus
1346 2961 1598 3015 (lodicibus,
1622 2961 1761 3005 altero

173 3038 371 3072 Luem
395 3039 541 3072 <11³⁸
636 3043 718 3074 ter.
1470 3038 1495 3077 3
