2026 3168
234 138 339 190 190
771 137 997 181 LIBANH
1028 137 1369 182 ORATIONES

231 276 427 342 λόγων,
466 273 789 326 κατελέλυτο
831 274 892 326 δὲ
930 274 990 326 τὸ
1030 273 1228 342 λέγειν,
1275 272 1365 326 καὶ
1411 281 1582 326 ταῦτα
1619 282 1730 326 τῶν
1767 272 1910 326 νέων

230 365 387 429 βοαῖς
432 369 595 414 τοῦτο
645 362 1039 414 ἀπαιτούντων.
1117 362 1280 414 ὁπότε
1326 363 1431 431 γὰρ
1479 363 1545 430 δὴ
1592 362 1729 431 πρὸς
1775 362 1907 414 αὐτὸ

233 454 540 519 γιγνοίμην,
582 450 952 520 ἀπεφερόμην,
992 451 1172 519 ὥσπερ
1214 450 1437 503 ἀκάτιον
1476 450 1706 522 ἐναντίῳ
1746 451 1910 502 πνεύ-

231 559 375 607 ματι,
413 537 503 590 καὶ
544 539 597 591 οἱ
635 536 737 607 μὲν
776 535 926 607 εἶχον
965 538 1273 608 ἀκροάσεως
1314 537 1550 606 ἐλπίδας,
1598 537 1702 606 ἐγὼ
1744 536 1792 589 δ’
1839 532 1908 590 αὖ

189 649 207 680 5
233 627 444 695 ἐσίγων.
524 625 699 696 ἰατροὶ
755 624 814 678 δὲ
868 628 968 695 τὴν
1018 628 1231 679 τούτων
1280 632 1427 679 ἴασιν
1481 628 1681 679 ἄλλοθι
1737 629 1910 694 ζητεῖν

231 714 502 783 ἐκέλευον,
553 717 625 778 ὡς
675 715 776 767 οὐκ
827 717 1005 768 ὄντων
1055 717 1213 783 σφίσι
1264 724 1375 767 τῶν
1423 716 1691 767 τοιούτων
1738 714 1798 767 ἐν
1844 723 1908 784 τῇ

142 817 184 860 R
206 820 289 859 148
314 803 474 874 τέχνῃ
500 804 816 872 φαρμάκων.
846 802 850 873 Ι
887 804 1008 856 247.
1042 802 1218 856 ἐδόκει
1244 800 1305 855 δὲ
1329 802 1419 856 καὶ
1443 805 1658 866 τούτοις
1680 802 1772 856 καὶ
1795 813 1910 865 τοῖς

232 894 418 955 ἄλλοις
456 892 562 945 ἀπὸ
603 900 701 945 τοῦ
743 893 914 944 αὐτοῦ
953 891 1043 945 καὶ
1084 895 1145 945 τὸ
1195 894 1295 961 δίς,
1345 891 1373 944 ὃ
1421 894 1579 961 μήπω
1619 894 1909 962 πρότερον,

231 983 465 1049 νοσῆσαί
498 1001 592 1048 μοι
622 982 688 1033 τὰ
720 982 920 1051 ἄρθρα,
954 983 1216 1050 χειμῶνός
1246 1000 1304 1033 τε
1334 981 1424 1034 καὶ
1456 980 1679 1050 θέρους,
1712 970 1913 1033 δοῦναί

167 1091 208 1123 10
232 1089 290 1122 τε
335 1079 451 1132 τοῖς
496 1068 986 1136 ἐπισκοπουμένοις
1026 1069 1108 1122 ἀεὶ
1155 1069 1353 1138 λέγειν,
1401 1070 1474 1132 ὡς
1515 1077 1610 1137 τῆς
1648 1069 1910 1137 ἐπιούσης

231 1159 533 1227 οἰχήσομαι.
605 1167 722 1220 ταῖς
760 1155 822 1210 δὲ
861 1159 928 1226 δὴ
970 1160 1158 1220 ἄλλαις
1195 1160 1385 1211 πόλεσι
1423 1156 1515 1210 καὶ
1555 1156 1789 1211 ἐδόκουν
1827 1177 1910 1210 τε-

230 1248 454 1315 θνάναι,
485 1246 576 1300 καὶ
605 1248 701 1309 τὰς
732 1248 939 1309 πολλὰς
971 1248 1037 1315 δὴ
1069 1247 1295 1317 ἠρώτων
1326 1249 1632 1317 πρεσβείας,
1665 1248 1711 1299 εἰ
1743 1254 1908 1299 τοῦτο

230 1330 336 1388 ὧδε
384 1338 512 1404 ἔχοι.
589 1336 712 1388 248.
764 1332 905 1404 ἦσαν
951 1333 1052 1402 μὲν
1099 1332 1201 1389 οὖν
1247 1345 1357 1388 τῶν
1403 1338 1584 1404 φίλων
1622 1338 1679 1388 οἳ
1720 1334 1817 1404 ἐμέ
1851 1355 1909 1388 τε

229 1425 320 1476 καὶ
367 1432 510 1493 σφᾶς
556 1424 755 1486 αὐτοὺς
802 1423 893 1476 ἐπί
935 1444 1088 1486 τινας
1127 1423 1367 1492 ἐκίνουν,
1407 1417 1490 1486 οἷς
1529 1422 1660 1487 δόξα
1697 1426 1909 1477 τούτων

165 1533 206 1566 15
231 1509 372 1565 εἶναι
411 1515 670 1581 τεχνίτας,
710 1513 814 1581 ἐγὼ
857 1510 918 1566 δὲ
950 1511 1063 1566 οὔτ’
1105 1514 1269 1576 αὐτός
1299 1532 1351 1565 τι
1382 1520 1637 1566 τοιοῦτον
1669 1515 1909 1581 ἔπασχον

229 1599 476 1664 ἐκείνους
522 1621 579 1653 τε
624 1611 901 1670 κατεῖχον,
949 1603 1210 1671 εὔχεσθαι
1259 1603 1376 1654 δεῖν
1419 1602 1587 1654 εἰπὼν
1625 1606 1835 1670 μᾶλλον
1872 1603 1907 1670 ἤ

229 1710 382 1752 τινας
406 1689 584 1743 ἕλκειν
607 1687 744 1760 ὑπὲρ
769 1700 880 1743 τῶν
912 1689 971 1743 ἐν
996 1692 1169 1762 σκότῳ
1195 1690 1590 1743 συντεθέντων.
1638 1690 1761 1742 249.
1792 1691 1909 1742 καί-

141 1791 182 1834 R
210 1795 291 1834 149
323 1798 409 1832 τοι
430 1777 434 1848 l
462 1779 769 1848 χαμαιλέων
793 1778 1109 1847 ἀναφανείς,
1128 1779 1230 1831 οὐκ
1256 1775 1361 1831 οἶδ’
1379 1778 1603 1846 ὁπόθεν,
1622 1777 1681 1830 ἐν
1705 1784 1779 1850 τῷ
1796 1787 1907 1830 τῶν

231 1868 410 1935 λόγων
451 1874 623 1939 χορῷ,
655 1871 829 1930 πολὺς
867 1865 968 1936 μὲν
998 1868 1174 1938 τούτῳ
1213 1874 1288 1938 τῷ
1320 1866 1668 1936 χαμαιλέοντι
1707 1868 1905 1936 χρόνος

163 1977 206 2009 20
229 1954 319 2008 καὶ
365 1964 554 2024 μηνῶν
602 1955 629 2008 ὁ
676 1956 870 2025 νεκρὸς
917 1956 1018 2008 οὐκ
1069 1955 1288 2024 ὀλίγων,
1328 1956 1516 2008 ποδῶν
1558 1952 1620 2007 δὲ
1659 1953 1720 2007 ἐν
1758 1954 1905 2026 μέσῳ

228 2053 339 2096 τῶν
385 2043 557 2096 ὀπίσω
604 2044 860 2113 κειμένην
908 2042 1163 2114 ἑωρῶμεν
1213 2045 1314 2112 τὴν
1366 2046 1629 2112 κεφαλήν,
1682 2052 1793 2095 τῶν
1845 2040 1907 2095 δὲ

230 2131 429 2200 ἑτέρων
478 2132 506 2186 ὁ
553 2130 654 2202 μὲν
703 2129 773 2201 ἦν
823 2134 1096 2202 οὐδαμοῦ,
1153 2134 1213 2185 τὸ
1266 2134 1438 2198 στόμα
1489 2129 1549 2184 δὲ
1595 2131 1785 2201 ἅτερος
1830 2133 1907 2193 εἰς

229 2223 441 2290 σιωπὴν
479 2224 699 2274 ἔκλειεν.
762 2221 883 2274 250.
925 2220 1042 2274 ἀλλ’
1089 2221 1232 2288 ὅμως
1272 2219 1389 2273 οὐδ’
1437 2219 1523 2273 ἐπὶ
1562 2220 1905 2288 τηλικούτοις

350 2415 371 2454 1
406 2408 680 2455 καταλέλυτο
713 2411 758 2454 Β
785 2411 790 2468 Ι
819 2410 876 2466 δὴ
903 2411 984 2455 VL
1106 2415 1130 2453 2
1164 2409 1220 2466 δὴ
1254 2423 1328 2453 om
1359 2410 1404 2453 A
1449 2409 1573 2452 inser
1603 2408 1668 2452 P³
1780 2413 1804 2450 3
1837 2424 1905 2464 γι-

228 2466 395 2525 νοίμην
415 2470 484 2525 V!
513 2468 802 2526 ἐπεφερόμην
834 2470 945 2513 Fen·
974 2469 1076 2512 Mor
1164 2474 1191 2512 4
1224 2465 1283 2512 αὖ
1316 2467 1479 2523 scripsi
1541 2464 1599 2511 ἂν
1622 2466 1732 2509 libri
1757 2467 1847 2509 edd

229 2533 254 2571 6
285 2529 398 2585 τῶν]
430 2542 505 2571 om
531 2530 574 2572 V
642 2527 761 2571 κατὰ
791 2536 881 2572 τῶν
912 2529 981 2572 Re
1003 2528 1143 2571 Anim
1221 2531 1275 2570 10
1305 2527 1418 2583 τοῖς]
1444 2526 1501 2569 τὰ
1523 2527 1567 2570 L
1595 2526 1601 2583 Ι
1629 2526 1905 2570 ἐπισκοπου-

227 2584 384 2643 μένοις
415 2587 578 2642 scripsi
610 2601 635 2630 e
664 2587 796 2630 libris
835 2587 1225 2644 (ἐπισκοπούμενοι
1257 2587 1316 2642 L)
1357 2587 1404 2628 eb
1441 2602 1495 2641 γρ
1533 2584 1634 2627 Mor
1671 2584 1722 2627 in
1758 2598 1905 2641 marg,

230 2645 698 2689 coll.Dem.c.Neaer.
717 2651 741 2698 g
760 2651 814 2689 56
831 2662 875 2702 p.
890 2651 1016 2700 1364,
1031 2651 1081 2689 11
1137 2638 1650 2700 ἐπισκεπτομένοῖεᾶᾱ
1727 2648 1780 2686 12
1804 2650 1906 2694 ταῖς

227 2707 418 2754 πολλαῖς
440 2731 498 2736 -
525 2701 790 2762 πρεσβείαις
821 2705 977 2748 Gasda
1004 2707 1011 2761 Ι
1039 2704 1088 2749 δὲ
1108 2705 1152 2748 V
1237 2708 1290 2746 13
1323 2719 1347 2746 ο
1378 2704 1429 2746 in
1460 2702 1557 2760 ἔχοι
1587 2702 1637 2745 in
1667 2716 1742 2745 ras
1774 2702 1846 2746 Ρ2

230 2763 321 2821 ἔχει
352 2764 395 2807 L
518 2768 571 2806 15
604 2762 716 2807 αὐτό
748 2764 859 2807 Fen·
888 2764 991 2807 Mor
1112 2767 1165 2806 17
1199 2762 1247 2807 ἐν
1277 2769 1339 2805 τῶ
1371 2759 1515 2805 σκότω
1547 2762 1591 2805 L
1713 2765 1766 2804 19
1797 2759 1903 2818 χρό-

227 2838 309 2872 νος
340 2821 504 2877 scripsi
535 2835 560 2865 e
585 2823 627 2864 L
659 2824 845 2866 auctore
876 2823 944 2867 Re
1004 2819 1183 2879 χρόνων
1214 2820 1383 2876 reliqui
1413 2818 1522 2863 libri
1546 2819 1636 2863 edd
1727 2825 1781 2863 21
1813 2835 1904 2863 κει-

228 2879 370 2984 ςξνην
402 2881 565 2983 Βρὲϊίέρεί
597 2882 691 2983 οἵ
717 2882 1002 2985 aucggre'gf
1019 2878 1284 2983 Ζκειμένων
1313 2879 1483 2935 reliqui
1513 2878 1623 2922 libri
1655 2878 1746 2922 edd
1773 2879 1778 2937 Ι
1812 2886 1903 2922 τῶν

309 2956 401 2983 των
456 2956 479 2982 τ
506 2957 598 2994 ρων
881 2957 933 2984 ου
