2026 3168
197 103 300 156 102
733 103 960 147 LIBANH
992 103 1333 149 ORATIONES

193 237 317 310 παρ’
373 238 602 293 ἑκάστου
656 237 747 292 καὶ
802 239 1002 302 οἵτινες
1055 240 1149 302 τὰς
1200 241 1439 310 μορφάς,
1490 240 1757 304 νικῶντάς
1813 259 1872 294 τε

193 326 284 381 καὶ
331 327 683 396 νικωμένους,
731 328 881 390 ὅστις
926 347 984 380 τε
1024 327 1052 381 6
1090 329 1191 396 τὴν
1229 330 1393 382 πόλιν
1431 328 1871 398 ἐφειλκυσμένος,

193 415 284 470 καὶ
310 417 382 479 ὡς
406 413 574 470 οὐδὲν
606 415 883 485 ἐλάττωμα
915 418 992 479 εἰς
1018 417 1117 470 τὸν
1145 416 1419 486 στέφανον
1449 418 1509 470 τὸ
1535 419 1607 487 μὴ
1637 427 1749 471 τῶν
1776 421 1873 487 βα·-

194 504 388 567 σιλέως
427 504 653 558 ἐσθίειν.
729 514 844 567 τοῖς
893 502 994 572 μὲν
1044 501 1148 558 οὖν
1185 506 1219 574 ἡ
1257 507 1438 575 τροφὴ
1485 505 1612 576 παρ’
1658 506 1871 560 ἐκείνου

149 614 170 647 5
193 596 384 662 πολλή,
424 593 650 664 πατέρες
689 593 750 646 δὲ
787 593 926 662 ἡμᾶς
963 602 1076 647 τῶν
1113 603 1393 662 φοιτητῶν
1437 596 1671 662 ἔβοσκον
1716 597 1872 649 ἄλλοι

193 684 392 744 ἄλλους
444 686 914 751 παρακαλοῦντες,
971 680 1062 735 καὶ
1117 681 1179 735 ἐν
1233 682 1300 735 οὐ
1362 687 1589 746 πολλαῖς
1648 683 1873 754 ἡμέραις

191 767 329 841 ὑπὲρ
362 772 492 832 τοὺς
529 770 869 838 ὀγδοήκοντα
909 769 936 823 6
973 771 1135 840 χορὸς
1173 769 1404 841 ἐπιρροῇ
1434 791 1492 824 τε
1522 781 1633 825 τῶν
1663 770 1873 836 ἔξωθεν

192 860 282 912 καὶ
312 868 430 921 ταῖς
461 868 573 912 τῶν
603 857 771 913 ἔνδον
802 859 1185 928 ἀποστάσεσιν,
1219 860 1279 912 οἵ
1305 879 1363 912 τε
1394 858 1717 929 ἐπτοημένοι
1748 862 1871 932 περὶ

190 949 284 1010 τὰς
329 957 441 1000 τῶν
487 948 671 1001 ἵππων
718 947 947 1017 ἁμίλλας
992 946 1083 1001 καὶ
1130 949 1196 1000 τὰ
1241 956 1337 1016 τῆς
1383 956 1587 1018 σκηνῆς
1623 949 1872 1019 θεάματα

126 1058 168 1090 10
191 1037 326 1106 πρὸς
387 1037 484 1099 τὰς
543 1034 679 1107 ὑπὲρ
733 1046 846 1090 τῶν
900 1038 1081 1104 λόγων
1133 1040 1570 1107 μετερρυήκεσαν
1628 1039 1873 1102 σπουδὰς

192 1126 435 1195 δόγματά
479 1144 537 1178 τε
584 1124 855 1196 ἐγράφετο
902 1126 1049 1196 παρὰ
1093 1133 1192 1178 τοῦ
1239 1133 1572 1196 κρατοῦντος
1613 1125 1872 1196 ἐπαγγέλ-

191 1217 358 1267 λοντα
395 1215 497 1282 τὴν
535 1213 671 1283 ἐμὴν
709 1214 881 1267 αὐτοῦ
920 1216 1112 1285 μονήν.
1181 1210 1253 1283 ἦν
1290 1216 1394 1285 γὰρ
1428 1216 1496 1284 δὴ
1528 1216 1666 1284 δέος,
1706 1218 1779 1285 μὴ
1811 1215 1873 1270 ἐν

191 1301 411 1371 ἐξουσίᾳ
470 1310 570 1356 τοῦ
633 1303 889 1373 ἀπαίρειν
950 1303 1029 1356 ὢν
1088 1306 1400 1372 μνησθείην
1459 1312 1554 1373 τῆς
1616 1303 1870 1373 ἐμαυτοῦ.

191 1390 275 1443 38.
322 1391 396 1443 τὼ
444 1388 546 1460 μὲν
593 1393 660 1460 δὴ
707 1393 946 1460 σοφιστά
992 1391 1335 1460 ἐπενθείτην,
1383 1391 1412 1445 ὁ
1458 1389 1559 1459 μὲν
1605 1393 1738 1446 οὐδὲ
1778 1393 1872 1446 ἀν-

124 1499 166 1533 15
189 1481 367 1548 θήσας
406 1479 596 1550 ἀρχήν,
636 1479 665 1533 6
707 1477 767 1533 δὲ
808 1480 1161 1549 ἀπηνθηκώς·
1214 1480 1243 1534 6
1283 1481 1385 1549 μὲν
1422 1482 1525 1550 γὰρ
1566 1478 1699 1534 οὐδὲ
1736 1499 1872 1552 παρ-

189 1571 365 1636 ῆλθεν
427 1570 504 1631 εἰς
567 1570 629 1622 τὸ
693 1569 997 1637 δύνασθαι,
1053 1568 1081 1621 6
1144 1565 1204 1621 δὲ
1262 1567 1630 1632 ἐξεπεπτώκει.
1717 1569 1872 1624 ἐπεν-

189 1659 385 1726 θείτην
408 1653 510 1726 μὲν
542 1652 646 1710 οὖν
676 1657 766 1710 καὶ
798 1658 969 1710 τᾶλλα
992 1656 1416 1727 ἐλοιδορείσθην
1446 1660 1647 1727 βίαιον,
1678 1662 1872 1712 πλεον-

190 1745 373 1814 έκτην,
439 1745 760 1814 ἀκόρεστον,
823 1746 1071 1812 οὐδαμοῦ
1141 1754 1335 1814 στῆναι
1405 1747 1743 1816 δυνάμενον,
1805 1748 1873 1800 τὰ

124 1856 165 1888 19
188 1842 415 1887 τοιαῦτα
462 1834 966 1903 ἀναισχυντοῦντες.
1056 1834 1122 1888 οὐ
1173 1836 1276 1904 γὰρ
1333 1835 1401 1903 δὴ
1455 1845 1654 1905 χειρῶν
1708 1838 1873 1907 ἔργον

101 1935 219 1978 R30
257 1918 399 1990 ἦσαν
461 1924 513 1975 οἱ
568 1923 930 1992 ἀφιστάμενοι
983 1932 1095 1976 τῶν
1148 1923 1307 1992 νέων,
1363 1922 1479 1976 ἀλλ’
1541 1923 1729 1995 ἕτερον
1763 1928 1771 1992 Ι
1810 1925 1871 1977 τὸ

189 2016 403 2064 πεῖθον.
493 2012 674 2082 ὥσπερ
729 2007 833 2065 οὖν
886 2014 1015 2074 τοὺς
1068 2013 1270 2075 καλοὺς
1323 2012 1426 2065 οὐκ
1479 2010 1549 2065 ἂν
1601 2012 1872 2082 γράψαιτό

308 2205 360 2243 11
395 2199 498 2255 ἤτοι
530 2204 755 2258 ζητοῦντα
789 2202 833 2246 V

310 2382 332 2420 1
368 2376 547 2422 ἐκείνου
580 2378 625 2421 Β
745 2382 772 2420 4
803 2385 885 2422 τοῦ
918 2377 1137 2436 βασιλέως
1166 2379 1274 2433 post
1305 2375 1483 2422 ἐκείνου
1515 2377 1625 2420 Ferr
1657 2377 1707 2420 in
1737 2391 1872 2435 marg

189 2436 291 2479 Mor
412 2441 434 2479 7
470 2436 662 2493 ἐπιρροή
693 2437 783 2481 BL
903 2442 929 2480 8
969 2454 1049 2480 και
1086 2453 1190 2488 ταις
1226 2437 1276 2479 in
1314 2437 1395 2479 καὶ
1423 2443 1526 2487 ταῖς
1566 2450 1666 2479 corr
1707 2436 1757 2479 in
1795 2450 1869 2480 ras

189 2494 254 2539 P²
282 2497 287 2551 Ι
313 2503 404 2538 τῶν
427 2496 552 2539 inser
569 2497 645 2549 GP,
669 2495 718 2538 in
741 2508 875 2552 marg
898 2511 957 2539 m.
975 2509 1063 2539 rec.
1084 2496 1140 2548 A,
1167 2509 1242 2539 om
1259 2495 1302 2538 L
1329 2497 1335 2551 Ι
1363 2493 1416 2539 οἵ
1429 2511 1478 2538 τε
1501 2521 1559 2527 —-
1585 2499 1639 2537 10
1664 2494 1872 2546 σπουδάς

191 2554 307 2597 citat
336 2554 452 2596 Plan
484 2554 550 2597 fol
583 2559 635 2597 21
789 2559 814 2597 9
847 2555 927 2598 καὶ
957 2581 1015 2587 —-
1044 2554 1261 2610 θεάματα
1293 2567 1368 2597 om
1399 2553 1516 2598 Plan
1559 2554 1565 2611 Ι
1607 2553 1691 2605 τὰς
1724 2554 1760 2598 0
1788 2555 1870 2598 sed

192 2629 214 2662 ς
244 2625 423 2656 erasum
453 2614 458 2669 Ι
501 2619 581 2668 τῆς
614 2613 650 2656 Ο
679 2613 760 2656 sed
792 2631 820 2669 η
854 2627 954 2656 corr
983 2614 1060 2671 m!
1101 2613 1325 2669 θαύματα
1358 2613 1401 2656 L
1511 2613 1577 2655 ‘13
1619 2610 1682 2657 ὢν
1716 2627 1771 2656 ex
1810 2611 1869 2658 ἂν

192 2685 292 2715 corr
326 2671 388 2716 6²
510 2676 565 2714 14
600 2680 753 2723 κακῶς
785 2674 892 2716 ante
925 2670 1200 2727 ἐπενθείτην
1231 2672 1341 2714 Fen·
1371 2671 1420 2714 in
1450 2685 1583 2727 marg
1612 2671 1714 2715 Mor
1742 2672 1811 2715 Re

192 2735 245 2773 15
276 2729 360 2786 τὴν
392 2730 536 2788 ἀρχὴν
564 2732 607 2774 V
721 2735 774 2773 17
807 2730 928 2786 τάμὰ
970 2730 1171 2774 Sintenis
1204 2729 1306 2773 coll.
1339 2745 1384 2786 p.
1410 2734 1479 2783 33,
1507 2734 1554 2783 ὃς
1588 2734 1658 2785 86,
1684 2735 1731 2786 33
1770 2735 1867 2784 109,

192 2794 216 2832 2
248 2789 290 2832 R
359 2788 508 2844 μάλαξ)
536 2791 541 2845 Ι
578 2787 927 2845 ἐλοιδορείσθην
961 2789 1123 2862 scripsi
1155 2803 1260 2832 cum
1291 2787 1447 2831 Gasda
1524 2788 1870 2844 ἐλοιδορεῖσθον

189 2847 300 2891 libri
331 2849 378 2892 et
402 2848 492 2891 edd
584 2851 638 2891 20
672 2847 716 2892 οἱ
740 2862 816 2891 om
833 2848 878 2891 B
900 2848 904 2906 Ι
942 2847 1095 2903 ἕτερον
1125 2864 1169 2890 τι
1191 2848 1243 2891 τὸ
1268 2849 1312 2891 L
1403 2852 1455 2890 21
1484 2847 1632 2904 ὥσπερ
1651 2874 1706 2881 -
1726 2853 1823 2902 103,
1843 2853 1868 2891 3

192 2905 367 2965 ἐλέγξαι
399 2907 515 2950 citat
545 2906 661 2950 Plan
693 2906 759 2950 fol
791 2911 844 2950 21
882 2907 887 2964 Ι
923 2903 1008 2951 οὖν
1039 2921 1114 2951 om
1145 2906 1260 2950 Plan
1289 2907 1295 2964 1
1329 2907 1433 2964 οὐκ]
1466 2907 1620 2958 οὐδεὶς
1649 2907 1693 2951 L
