2026 3168
687 119 916 164 LIBAMI
946 117 1287 164 ORATIONES
1734 117 1839 169 199

155 259 319 328 τήνδε
342 259 681 327 παραλαβεῖν
710 258 813 325 τὴν
836 255 1026 326 ἀρχήν,
1058 254 1251 322 ὅπως,
1282 251 1407 323 ἔφη,
1440 252 1839 316 διδάσκαλος

155 349 468 416 γενοίμην
516 355 653 408 τοῖς
704 346 1047 415 ἄρχουσιν,
1101 343 1374 405 ὁποίους
1426 342 1609 404 τινὰς
1664 338 1836 395 εἶναι

154 437 270 507 χρὴ
315 436 476 506 πρὸς
521 437 677 497 τοὺς
724 435 1157 495 διδάσκοντας
1203 430 1437 499 λέγειν.
1513 429 1604 483 καὶ
1659 429 1836 498 λέγων

152 532 324 577 ταῦτα
362 532 540 593 συνῆν
577 543 635 577 τε
672 523 734 576 τὸ
775 522 946 576 πλέον
981 530 1077 591 τῆς
1115 520 1318 591 ἡμέρας
1359 519 1451 573 καὶ
1493 528 1590 588 τῆς
1635 521 1836 583 νυκτὸς
1880 543 1903 574 4

152 613 254 666 οὐκ
281 612 472 680 ὀλίγον
504 612 778 682 ἀνήλισκε,
810 611 900 665 καὶ
932 616 989 664 εἴ
1011 630 1086 683 τῳ
1118 611 1512 678 διακωλυθείη,
1540 609 1545 679 Ι
1582 610 1741 678 ζημία
1771 622 1813 664 Β,
1838 626 1923 667 162

150 709 314 755 τοῦτο
352 698 437 770 ἦν.
515 702 637 754 272.
677 700 707 754 ὁ
748 701 816 769 δὴ
853 701 920 753 τὰ
958 706 1186 752 τοιαῦτα
1230 694 1371 767 ὑπὲρ
1410 707 1523 751 τῶν
1563 698 1835 751 τοιούτων

148 791 297 860 παρὰ
334 799 447 843 τῶν
486 790 515 843 ὅ
553 809 606 843 τι
645 789 715 844 ἂν
753 788 986 843 ἐθέλωσι
1026 789 1225 841 δοῦναι
1262 790 1474 857 κυρίων
1513 788 1697 855 αἰτῶν,
1741 791 1834 840 λα-

147 880 267 947 βὼν
315 877 407 932 καὶ
457 877 599 949 ἔχων
648 877 828 932 οὐκέτ’
884 873 955 946 ἧν
1004 877 1182 939 αὐτός.
1260 876 1398 929 ἀλλὰ
1442 874 1604 929 πέντε
1653 873 1755 943 μὲν
1799 876 1833 945 ἢ

147 974 325 1041 μικρῷ
371 988 446 1040 τω
492 971 717 1031 πλείους
765 966 968 1037 ἡμέρας
1016 968 1171 1033 μόλις
1219 964 1460 1034 κατέχων
1510 965 1680 1019 αὑτὸν
1729 965 1833 1018 οὐκ

148 1055 470 1125 έγυμνοῦτο.
546 1054 733 1110 ἔπειτά
768 1075 899 1110 ποτε
939 1056 1195 1126 ῥημάτων
1231 1052 1323 1108 ὑπ’
1370 1053 1503 1121 ἐμοῦ
1543 1053 1833 1125 ῥηθέντων
1856 1077 1900 1110 ιο

145 1155 258 1199 τῶν
304 1145 660 1217 πειρωμένων
711 1145 943 1214 ἀμύνειν
991 1144 1232 1214 ὀρφανίᾳ
1280 1163 1338 1197 τε
1388 1144 1479 1196 καὶ
1529 1145 1692 1214 πενίᾳ
1740 1144 1831 1196 καὶ

144 1236 361 1304 νεότητι
399 1240 652 1304 μαθητοῦ
692 1254 843 1297 τινος
879 1233 1148 1303 ἡμετέρου
1186 1241 1298 1303 πῦρ
1348 1232 1408 1286 ἐν
1444 1235 1698 1301 καμίνοις
1737 1233 1832 1301 δη-

143 1326 310 1394 μοσίᾳ
357 1324 676 1394 τρέφοντος,
725 1321 838 1377 τότ’
894 1319 997 1376 οὖν
1047 1328 1213 1394 θυμῷ
1260 1322 1572 1390 καλυφθεὶς
1617 1322 1707 1374 καὶ
1753 1322 1829 1374 τώ

141 1430 200 1464 τε
245 1411 518 1480 ὀφθαλμὼ
565 1414 793 1480 κινήσας
841 1413 943 1479 τήν
991 1430 1050 1463 τε
1095 1411 1223 1480 ῥῖνα
1269 1411 1408 1480 χειρὶ
1453 1409 1646 1473 πιέσας
1692 1410 1831 1479 μέγα

142 1499 541 1569 φθεγξάμενος,
574 1503 642 1553 ἔα
680 1521 776 1570 με,
818 1496 986 1568 εἶπεν,
1024 1501 1281 1569 ἄρχειν,
1322 1500 1404 1562 ὡς
1440 1507 1563 1551 νῦν
1602 1519 1671 1568 γε
1710 1500 1828 1552 οὐκ
1852 1522 1930 1561 151

141 1587 263 1659 ἐᾷς.
308 1596 383 1662 τῷ
411 1588 459 1642 δ’
492 1591 597 1659 ἄρα
627 1590 960 1658 καπηλεύειν
991 1588 1247 1642 ἐδέδοκτο
1279 1589 1368 1642 καὶ
1399 1589 1684 1641 ταλάντων
1711 1586 1830 1657 ἔμε-

142 1682 252 1745 λεν,
284 1670 327 1750 ᾧ
352 1679 454 1746 τὴν
484 1677 621 1748 ἐμὴν
650 1677 773 1750 ᾔδει
805 1679 980 1747 φύσιν
1010 1677 1502 1747 ἐναντιωσομένην.
1564 1678 1688 1731 273.
1721 1677 1826 1745 ἐγὼ

139 1762 241 1832 μὲν
287 1763 390 1820 οὖν
435 1767 605 1820 αὐτὸν
651 1768 780 1820 εἴων
827 1768 1015 1837 ἄρχειν
1064 1765 1156 1820 καὶ
1206 1770 1504 1835 γίγνεσθαι
1554 1767 1826 1836 Κινύραν,

141 1853 170 1907 ὁ
219 1851 280 1907 δὲ
330 1857 592 1924 τοιαύτην
636 1857 876 1926 κρηπῖδα
924 1858 1230 1924 βαλόμενος
1280 1854 1643 1927 ἐπῳκοδόμει,
1692 1864 1826 1909 πᾶσι

138 1939 240 2009 μὲν
285 1936 368 2006 οἷς
415 1943 547 2013 ἐνῆν
591 1944 848 2015 ὑβρίζων,
895 1945 1283 2013 μηχανώμενος
1330 1941 1391 1996 δὲ
1428 1945 1518 1997 καὶ
1558 1945 1824 2013 θάνατον,
1849 1968 1895 2002 so

139 2030 298 2100 ξίφος
337 2029 438 2101 μὲν
478 2034 583 2089 οὐκ,
620 2033 1018 2104 ἀναιρούμενος
1057 2032 1139 2085 ἐπ’
1185 2031 1294 2102 ἐμέ,
1335 2033 1401 2086 ὃν
1445 2032 1493 2086 δ’
1541 2032 1670 2105 ᾤετο
1708 2051 1825 2087 πει-

257 2182 309 2221 21
340 2176 582 2235 Ῥωμύλον.
639 2178 705 2223 Cf.
739 2193 802 2223 or.
836 2178 916 2222 LV
945 2181 977 2221 t.
1011 2178 1076 2221 111
1109 2183 1207 2233 151,
1235 2183 1286 2221 11
1314 2192 1380 2235 sq.
1436 2192 1507 2235 ep.
1535 2183 1632 2223 764.

258 2302 279 2340 1
314 2298 599 2356 παραλαβὼν
631 2299 677 2342 Β
786 2302 813 2340 4
846 2303 990 2354 συνῆν
1022 2297 1188 2353 scripsi
1220 2298 1407 2341 auctore
1439 2297 1506 2341 Re
1537 2298 1678 2341 Anim
1739 2298 1824 2342 σύν

136 2398 245 2443 libri
276 2402 468 2457 excepto
496 2402 539 2445 V
564 2401 645 2457 qui
677 2414 753 2444 om
780 2402 786 2459 Ι
814 2417 860 2445 τε
892 2415 967 2444 0111
986 2402 1055 2457 V!
1097 2409 1158 2446 τῶ
1188 2373 1333 2445 πλέειν
1357 2402 1413 2454 Ρ,
1446 2401 1528 2444 sed
1560 2408 1594 2445 ῶ
1627 2403 1675 2446 et
1706 2419 1740 2445 ω
1773 2401 1822 2444 111

135 2472 211 2502 ras
242 2459 312 2502 m²
345 2462 392 2503 et
424 2460 447 2504 ὸ
481 2462 528 2503 et
559 2476 614 2504 ον
645 2460 715 2503 1113
750 2473 870 2516 quae
902 2460 1046 2504 etiam
1076 2460 1125 2504 in
1156 2473 1291 2518 marg
1322 2460 1509 2517 scripsit,
1545 2460 1598 2504 τὸ
1636 2459 1776 2505 πλέον
1811 2460 1841 2519 Γ

135 2523 216 2573 τῆς
246 2518 444 2562 alterum
476 2534 550 2563 om
583 2521 627 2563 L
718 2523 743 2562 6
774 2519 833 2563 τὰ
865 2533 939 2563 0111
971 2520 1017 2562 Β
1109 2523 1134 2563 8
1169 2519 1193 2564 ὁ
1227 2519 1395 2570 αὐτόςῖ
1499 2523 1524 2562 9
1557 2519 1727 2563 litteris
1759 2537 1821 2563 κα

136 2576 263 2620 verbi
293 2576 499 2635 κατέχων
532 2579 625 2622 des.
651 2578 713 2622 fo]
744 2584 768 2622 6
800 2579 849 2621 111
874 2580 932 2633 Α,
965 2591 1085 2634 quae
1117 2581 1373 2636 sequuntur
1403 2592 1548 2634 usque
1581 2579 1642 2622 ad
1670 2579 1820 2636 ἀχθη-

136 2633 253 2679 δόνα
285 2640 384 2690 206,
412 2643 437 2680 2
468 2652 561 2681 11110
591 2637 705 2681 folio
738 2638 907 2681 amisso
939 2638 1177 2694 perierunt
1204 2641 1210 2694 Ι
1238 2638 1382 2682 αὐτὸν
1406 2639 1450 2682 L
1542 2643 1594 2681 11
1627 2644 1720 2681 τῶν
1745 2652 1819 2681 0111

137 2694 181 2737 L
273 2700 325 2738 13
357 2697 611 2753 κρατηθεὶς
639 2697 713 2740 vel
743 2697 1092 2753 καταληφθεὶςῖ
1196 2703 1251 2741 14
1281 2696 1455 2752 κνήσας
1485 2697 1552 2740 Re
1583 2697 1737 2750 Anim,
1770 2698 1821 2740 at

137 2751 193 2796 cf.
220 2752 357 2810 Soph.
382 2755 500 2799 Phil.
527 2759 612 2800 866
640 2759 646 2813 Ι
674 2753 799 2813 ῥῖνα]
834 2753 970 2814 ῥάχιν
995 2758 1038 2800 L
1065 2759 1070 2813 Ι
1098 2757 1216 2814 χειρὶ
1246 2755 1427 2814 πιέσας]
1459 2763 1591 2814 χεῖρα
1621 2754 1820 2810 ποιήσας

139 2811 175 2855 Ο
246 2810 381 2869 χείρω
419 2814 619 2869 ποιήσας
656 2817 698 2859 L
775 2815 1103 2872 χειροποιήσας
1132 2818 1188 2870 Ρ,
1227 2816 1310 2860 sed
1342 2832 1366 2859 ο
1398 2815 1525 2872 prius
1558 2817 1606 2859 et
1635 2832 1663 2872 η
1694 2815 1819 2858 inser

134 2870 204 2913 m³
234 2885 354 2926 quae
386 2873 550 2917 eadem
579 2874 698 2931 χειρὶ
727 2872 891 2925 πιέσας
921 2887 1147 2930 suprascr.
1271 2879 1325 2918 18
1357 2875 1516 2932 α”ρχειν
1548 2875 1594 2918 τὲ
1624 2874 1703 2918 καὶ
1735 2875 1779 2918 L
1807 2875 1812 2932 Ι

133 2927 351 2986 γίνεσθαι
377 2932 458 2975 VL
582 2937 634 2976 19
667 2932 945 2990 βαλλόμενος
974 2934 1085 2977 Ferr
1115 2934 1217 2978 Mor
