2026 3168
216 187 320 238 146
753 186 979 230 LIBANH
1011 186 1352 232 ORATIONES

327 322 445 376 131.
523 323 633 375 Τὸν
673 324 761 391 ,δὴ
824 321 1087 376 ἐντεῦθεν
1147 322 1303 394 μέχρι
1364 332 1458 392 τῆς
1519 323 1607 377 ἐπὶ
1671 324 1894 395 Πέρσας

214 410 408 474 ἐξόδου
455 414 659 480 χρόνον
703 421 818 474 τοῖς
864 409 964 478 μὲν
1011 412 1197 474 ἄλλοις
1244 411 1360 464 ἄλλ’
1407 415 1561 481 ἄττα,
1613 413 1783 466 πλέον
1829 411 1890 466 δὲ

214 498 331 567 ἐμοὶ
370 498 494 569 παρ’
545 499 759 552 ἐκείνου
797 501 857 552 τὸ
899 502 1148 568 φίλτρον,
1196 499 1286 553 καὶ
1327 500 1552 554 διετέλει
1593 503 1660 571 δὴ
1699 501 1895 570 λέγων,

169 612 190 641 4
215 589 297 641 ὅτι
339 589 518 641 δώσω
553 602 654 641 σοι
688 590 900 658 δῶρον
933 587 1325 657 ἐξελαύνων,
1358 589 1387 643 ὃ
1421 590 1538 643 οὐκ
1570 589 1646 643 ἄν
1679 591 1891 660 ὥσπερ

123 690 242 733 R89
274 679 471 730 τᾶλλα
510 678 760 746 φύγοις.
832 679 1244 746 δεδειπνηκότες
1277 676 1283 749 Ι
1321 674 1440 746 οὖν,
1478 677 1749 748 ἐβιάσθην
1787 681 1894 749 γὰρ

212 765 341 835 παρ’
381 767 577 835 αὐτοῦ,
611 762 651 818 ὦ
685 767 1017 836 ἄνθρωπε,
1051 769 1239 836 φησίν,
1274 767 1402 837 ὥρα
1435 781 1538 819 σοι
1568 768 1637 820 τὸ
1679 769 1894 837 δῶρον

215 854 542 924 δέχεσθαι.
618 855 708 907 καὶ
760 854 864 922 ἐγὼ
919 852 1022 921 μὲν
1076 856 1177 908 οὐκ
1231 852 1403 924 εἶχον,
1459 855 1560 924 ὄ,τι
1607 851 1676 908 αὗ
1726 858 1892 910 τοῦτό

214 943 382 1011 ἐστιν,
417 945 649 996 εἰκάσαι·
690 943 718 995 ὁ
753 940 813 995 δὲ
854 945 1070 1006 δοκεῖς
1107 964 1239 1012 μοι,
1279 948 1468 1013 φησίν,
1509 946 1600 1007 εἰς
1638 941 1753 1013 μὲν
1792 945 1892 1015 ῥή-

211 1051 404 1102 τορας
465 1034 622 1085 κατὰ
681 1035 832 1094 τοὺς
887 1035 1124 1101 λόγους
1176 1037 1415 1102 τελεῖν,
1470 1033 1590 1086 άπὸ
1647 1030 1714 1086 δὲ
1766 1043 1895 1086 τῶν

147 1143 188 1174 10
213 1119 419 1191 ἔργων
481 1119 549 1174 ἐν
611 1123 1007 1191 φιλοσόφοις
1068 1122 1460 1191 γεγράφθαι.
1557 1120 1648 1175 καὶ
1708 1122 1894 1191 ἥσθην

213 1211 477 1278 εἰπόντος,
518 1211 700 1280 ὥσπερ
743 1210 771 1263 ὁ
812 1213 1140 1280 Λυκοῦργος
1171 1209 1258 1263 ἐπὶ
1290 1220 1405 1273 τοῖς
1438 1211 1514 1273 εἰς
1546 1211 1718 1263 αὐτὸν
1747 1211 1896 1280 παρὰ

211 1306 310 1351 τοῦ
349 1304 511 1351 θεοῦ·
551 1300 640 1351 καὶ
680 1300 783 1368 γὰρ
822 1307 993 1351 ταῦτα
1030 1299 1138 1352 ὑπὸ
1178 1306 1276 1352 τοῦ
1310 1304 1467 1362 θεοῖς
1500 1307 1896 1362 συνοικοῦντος

213 1393 408 1457 εἴρητο.
478 1387 595 1439 132.
635 1388 1064 1457 προπεμπούσης
1105 1385 1166 1440 δὲ
1202 1395 1296 1456 τῆς
1335 1390 1540 1456 βουλῆς
1577 1386 1667 1440 καὶ
1707 1387 1893 1454 δεομέ-

212 1496 327 1529 νων
366 1475 631 1545 ἀφεῖσθαι
671 1477 736 1528 τὰ
775 1474 1080 1545 ἐγκλήματα
1135 1480 1389 1546 Ταρσοῖς,
1435 1479 1590 1529 πόλει
1629 1479 1894 1545 Κιλίκων,

147 1586 187 1618 15
214 1566 415 1617 δώσειν
468 1565 638 1617 αὑτὸν
693 1566 878 1633 εἰπών,
933 1563 1003 1632 ἢν
1056 1565 1084 1618 ὁ
1140 1566 1271 1627 θεὸς
1326 1565 1591 1635 άποσώζῃ,
1639 1564 1888 1635 καίτοιΙ

122 1667 240 1710 R90
273 1673 381 1722 μοι
422 1654 646 1722 δῆλον,
703 1656 832 1722 ἔφη,
887 1654 955 1706 τὸ
993 1654 1156 1723 πρὸς
1186 1661 1387 1706 ταῦτα
1424 1655 1893 1722 γενησόμενον,

212 1743 291 1804 ὡς
328 1740 397 1794 ἐν
435 1749 516 1814 τῷ
549 1743 1033 1812 πρεσβεύσοντι
1072 1743 1182 1804 τὰς
1227 1741 1493 1804 ἐλπίδας
1535 1740 1733 1811 ἔχετε,
1780 1742 1894 1795 τὸν

333 1937 383 1975 11
410 1932 516 1974 Her.
535 1931 555 1974 Ι
572 1936 641 1975 65.
659 1931 779 1974 Plut.
797 1931 904 1987 Lye.
926 1936 964 1985 5,
985 1937 1009 1974 3
1097 1936 1151 1974 14
1175 1931 1311 1986 1482,
1331 1935 1385 1974 18
1403 1932 1456 1974 R.
1475 1931 1622 1974 Amm.
1641 1930 1788 1974 ΧΧΠΙ
1806 1935 1845 1984 2,
1866 1934 1893 1973 5

334 2084 385 2122 11
427 2078 715 2129 ἀπελθόντος
735 2079 1018 2155 Λυκούργου
1057 2079 1104 2129 ἐς
1142 2079 1355 2136 Δελφοὺς
1390 2077 1583 2123 τοιαῦτά
1620 2094 1726 2122 τινα
1764 2076 1893 2133 παρὰ

211 2146 293 2182 τοῦ
324 2141 441 2182 θεοῦ
473 2138 691 2193 ἤκουσεν·
729 2136 874 2194 ήκεις,
908 2135 942 2182 ὦ
973 2136 1227 2212 Λυκόεργε
1262 2138 1371 2194 ἐμὸν
1403 2138 1509 2181 ποτὶ
1541 2137 1655 2194 νηὸν
1687 2137 1845 2191 ἀνιων,
1880 2136 1886 2195 1

212 2195 297 2241 Aa
332 2196 465 2253 φίλος
503 2198 583 2240 καὶ
619 2204 762 2241 πᾶσιν
788 2195 1012 2254 Ὀλύμπια
1045 2195 1220 2254 δώματ’
1249 2197 1447 2254 ἔχουσιν,
1490 2194 1597 2248 δίζω
1631 2195 1661 2250 ἤ
1697 2210 1745 2239 σε
1774 2195 1895 2239 θεὸν

213 2256 525 2313 μαντεύσομαι
548 2257 602 2312 ἠὲ
627 2257 706 2300 καὶ
731 2256 882 2311 ἄνδρα
907 2256 972 2299 P²
1063 2261 1115 2299 17
1142 2257 1466 2330 πρεσβεύων
1491 2254 1594 2310 ἤτοι
1618 2252 1893 2326 ἀποκρισιά-

213 2331 312 2389 ριος
343 2314 691 2372 ἀποστέλλομαι,
724 2315 1199 2373 διαπρεσβεύεται
1231 2314 1282 2359 δε
1313 2315 1430 2371 πρὸς
1458 2314 1623 2358 τούσδε
1654 2310 1682 2368 ἢ
1709 2313 1888 2356 τούσδε.

212 2374 316 2429 ἤτοι
348 2375 577 2431 βασιλευς·
611 2372 874 2418 ἀποστέλλει
905 2373 1096 2432 πρέσβιν
1129 2374 1195 2424 εἰς
1219 2371 1422 2429 Ἀθήνας
1451 2371 1479 2428 ἢ
1512 2371 1699 2428 ἑτέρωσε
1725 2373 1769 2415 V

333 2526 357 2563 2
390 2518 488 2564 αλλ’
510 2521 676 2579 ΑΟΡΙ
704 2520 818 2564 ἅττα
846 2522 959 2579 GV!
989 2519 1033 2566 δ’
1057 2522 1138 2565 VL
1259 2525 1284 2563 3
1318 2518 1496 2564 ἐκείνου
1528 2533 1583 2562 ex
1616 2519 1795 2563 ἐκεῖνον
1820 2518 1893 2561 P²

273 2580 450 2624 ἐκεινου
476 2593 532 2623 ex
555 2580 704 2624 ἐκεῖνο
725 2580 793 2623 A²
854 2581 1033 2625 ἐκεῖνον
1056 2580 1167 2623 Fert
1189 2580 1303 2634 Mor,
1329 2579 1472 2634 quod
1479 2592 1578 2622 corr
1601 2577 1669 2620 Re
1752 2582 1777 2620 5
1803 2577 1893 2633 φύ-

212 2655 311 2695 γοις
348 2638 512 2694 scripsi
551 2638 816 2682 auotoribus
847 2639 915 2682 Re
947 2641 994 2682 et
1029 2638 1200 2683 Cobeto
1232 2638 1399 2680 Mnem.
1431 2634 1611 2680 Hr-250
1700 2636 1892 2693 φύγοιμι

212 2697 322 2741 libri
347 2697 437 2740 edd
464 2698 470 2754 Ι
499 2696 908 2753 συνδεδειπνηκότι
934 2698 1089 2752 Cobet,
1115 2699 1165 2740 at
1192 2697 1246 2740 cf.
1269 2701 1366 2750 141,
1387 2701 1452 2739 15.
1482 2701 1579 2749 152,
1603 2701 1625 2738 1
1648 2696 1701 2738 R,
1727 2696 1888 2738 Franc-

213 2756 508 2799 Zambeocari
545 2771 589 2811 p
617 2760 700 2798 212
875 2761 899 2799 6
939 2754 1052 2812 παρ’
1088 2755 1262 2800 inserui
1301 2769 1404 2798 cum
1437 2754 1609 2798 Cobeto
1701 2754 1891 2809 „malim

213 2812 312 2858 ὑπ’ι
317 2815 427 2857 ‘Re
541 2819 564 2857 ’7
599 2812 669 2857 ότι
700 2816 745 2858 Β
773 2815 778 2872 Ι
807 2812 866 2858 αὖ
900 2829 975 2859 om
994 2816 1076 2860 VL
1189 2819 1213 2856 9
1246 2816 1353 2870 post
1382 2816 1526 2858 τελεῖν
1564 2827 1725 2857 rasura
1756 2813 1891 2869 quin—

214 2887 303 2929 que
334 2873 595 2916 litterarum
629 2874 667 2917 C
696 2876 700 2927 1
740 2874 830 2917 ὑπὸ
863 2876 906 2918 L
939 2876 985 2917 ei:
1015 2891 1081 2946 γρ
1101 2873 1202 2916 Mor
1232 2873 1281 2916 in
1310 2886 1444 2929 marg
1581 2877 1634 2915 10
1664 2871 1891 2930 τετάχθαι

213 2934 270 2986 L,
303 2949 357 2989 γρ
382 2932 518 2975 Mor
506 2947 554 2974 1n
577 2945 710 2989 marg
735 2931 878 2976 Cobet
901 2933 984 2976 1.1.
1057 2930 1116 2977 ἂν
1140 2931 1411 2988 γεγράφθαι
1442 2931 1546 2975 coni
1570 2932 1638 2975 Re
1731 2935 1784 2974 15
1809 2931 1890 2973 αὐ-

211 2991 294 3035 τὸν
324 2992 461 3036 AOL
492 2991 601 3034 Ferr
632 2991 733 3034 Mor
831 2996 884 3034 16
918 2991 976 3048 μὴ
1009 2993 1052 3035 L
1146 2996 1197 3034 17
1230 2991 1529 3049 πρεσβεύοντι
1559 2991 1603 3034 L
1630 2991 1636 3048 Ι
1664 2989 1816 3047 ἔχοντι
1846 2989 1890 3033 L
