2026 3168
637 120 863 164 LIBANII
894 118 1236 164 ORATIONES
1754 121 1789 174 3

105 277 201 324 quo
241 259 429 309 codices
470 261 759 322 superstites
804 261 988 324 integri
1026 261 1250 323 opusculi
1289 287 1358 293 —
1397 260 1789 309 Laurentianum

104 335 211 383 dico
236 333 487 382 LXXXVI
515 336 543 381 7
569 361 642 366 ——
665 336 904 396 manavit,
936 334 1020 382 sed
1050 350 1139 396 per
1162 350 1211 383 se
1237 336 1442 383 constat.
1484 334 1613 382 Nam
1636 335 1788 384 verba

102 409 280 456 ultima
305 401 379 474 (8,
400 401 456 474 6)
488 407 642 476 τούτῳ
668 405 721 456 δὲ
746 404 771 456 ὁ
803 414 952 456 ταῦτα
982 407 1189 474 γράφων
1220 405 1280 456 οὐ
1312 406 1591 473 συνεγένετο
1623 405 1789 458 ἄλλοτε

102 478 260 530 ἄλλων
298 480 671 545 ἐμποδισμάτων
709 480 909 549 ἐπηρείᾳ
954 481 1102 546 τύχης
1148 481 1457 546 συμβάντων,
1508 483 1567 530 de
1608 482 1787 544 quibus

103 555 222 618 quid
266 555 451 603 iudicet
489 570 593 603 sese
639 557 867 619 ignorare
906 555 1126 605 Krollius
1172 556 1421 619 professus
1469 558 1564 618 est,
1611 571 1710 604 non
1757 572 1788 604 a

103 629 360 691 Lacapeno
400 628 584 691 addita,
625 630 709 678 sed
748 630 809 678 ab
849 630 1076 692 Eunapio
1115 629 1223 692 ipso
1263 631 1449 691 scripta
1488 645 1591 679 esse
1622 629 1786 678 Lund-

102 705 334 752 stromius
368 696 437 769 (p.
465 697 558 770 30)
591 706 722 752 recte
746 704 1004 751 intellexit.
1052 703 1112 751 In
1135 703 1301 752 codice
1326 719 1351 750 e
1377 719 1473 765 quo
1498 703 1786 766 Lacapenus

100 778 281 839 hausit,
322 780 540 838 servata,
581 779 634 825 in
681 793 737 825 eo
785 794 809 825 e
850 793 946 839 quo
987 777 1349 826 Laurentianus
1395 777 1560 838 fluxit,
1606 779 1787 826 omissa

103 853 254 899 erant.
334 851 502 899 Etiam
543 851 653 900 aliis
691 851 744 899 in
782 851 926 900 rebus
964 851 1083 899 fides
1122 852 1257 900 ilh'us
1302 852 1463 899 maior
1513 853 1588 900 est
1634 867 1786 914 quam

100 925 263 986 huius,
293 928 353 972 ut
374 927 505 973 recte
528 924 678 973 habet
701 923 961 989 ἐξεβιάζετο
986 942 1033 988 p.
1052 927 1102 986 4,
1122 927 1189 974 14
1220 941 1311 988 pro
1335 923 1629 990 ἐξεβιβάζετο
1655 925 1788 987 quod

99 999 184 1046 ille
223 998 447 1061 praebet,
494 997 650 1063 ἔχοντι
688 1001 746 1061 4,
779 1000 808 1046 6
856 1015 947 1063 pro
986 998 1124 1064 ἔχων,
1174 998 1623 1063 καλυφθησόμενος
1662 1001 1719 1060 4,
1753 1000 1784 1047 8

99 1088 189 1135 pro
229 1072 675 1137 καμφθησόμενος,
725 1072 848 1139 πρὸς
886 1072 1104 1132 ἅπαντας
1145 1074 1192 1137 6,
1226 1074 1256 1121 5
1303 1089 1394 1135 pro
1433 1071 1503 1131 εἷς
1541 1070 1785 1138 ἑκάτερον,

99 1144 320 1211 ἠλέγχετο
362 1148 409 1210 6,
450 1148 479 1194 6
531 1163 620 1209 pro
668 1138 731 1210 ἦν
777 1145 933 1211 αὐτω,
987 1146 1241 1205 πολύπους
1286 1147 1469 1196 ibidem
1523 1146 1653 1208 quod
1700 1147 1785 1194 ille

101 1221 287 1282 omisit,
338 1220 608 1285 πανταχόσε
657 1221 704 1282 6,
746 1222 812 1269 23
860 1237 950 1283 pro
995 1227 1270 1285 πανταχοῦ,
1320 1219 1447 1270 οὕτω
1490 1222 1536 1282 7,
1579 1222 1643 1268 11
1693 1235 1784 1283 pro

101 1287 256 1352 οὗτος.
310 1293 369 1341 In
394 1294 505 1343 aliis
529 1310 607 1342 res
632 1297 706 1342 est
729 1295 992 1357 contraria,
1023 1296 1082 1343 ut
1103 1310 1363 1357 perperam
1393 1293 1597 1357 praebet
1627 1293 1784 1342 τύπον

100 1370 150 1428 4,
184 1369 249 1416 15
289 1383 379 1431 pro
410 1367 573 1433 λόγον,
610 1363 701 1431 ὑφ’
730 1365 999 1432 ἁπλότητος
1040 1370 1087 1430 7,
1115 1370 1180 1417 12
1221 1383 1310 1431 pro
1341 1363 1429 1416 ὑπ’
1457 1365 1786 1433 ἀρχαιότητος,

101 1442 269 1490 omisit
320 1445 423 1500 τοῖς
483 1446 526 1505 7,
570 1443 650 1490 18.
742 1442 837 1490 Sed
896 1444 1245 1505 praeterquam
1307 1442 1437 1504 quod
1496 1441 1784 1504 Lacapenus

100 1516 373 1578 complura,
423 1517 481 1563 ut
531 1532 617 1564 suo
667 1518 921 1579 proposito
972 1516 1195 1577 inutilia,
1246 1517 1436 1577 omisit,
1485 1516 1610 1563 nihil
1663 1516 1785 1563 haec

99 1591 197 1637 nisi
254 1590 488 1639 lectiones
538 1591 706 1639 variae
756 1590 1004 1652 codicum,
1060 1606 1157 1638 non
1210 1592 1516 1638 recensiones
1570 1591 1784 1638 auctoris

101 1666 216 1712 sunt
254 1664 490 1713 diversae.

208 1738 268 1786 In
316 1737 609 1786 lectionibus
660 1738 882 1786 codicum
930 1738 1236 1800 proferendis
1287 1753 1464 1799 sequor
1513 1736 1782 1784 Lundstr&-

98 1813 252 1859 mium
300 1812 386 1874 qui
429 1827 529 1860 non
567 1813 727 1860 solum
764 1811 1156 1860 Laurentianum
1194 1810 1445 1859 LXXXVI
1481 1813 1508 1858 7
1558 1810 1782 1872 contulit,

101 1885 184 1932 sed
223 1886 374 1933 etiam
413 1901 438 1933 e
478 1885 810 1948 compluribus
853 1885 1100 1934 codicibus
1145 1884 1442 1934 recensionis
1481 1884 1782 1946 Lacapenia-

100 1973 192 2006 nae
233 1959 428 2007 collatis
465 1959 611 2006 huius
650 1959 899 2022 exemplar
936 1960 1170 2021 restituit,
1209 1959 1352 2006 illum
1389 1959 1558 2007 littera
1588 1957 1653 2020 A,
1690 1958 1783 2007 hoc

101 2033 270 2080 littera
308 2032 357 2080 L
396 2032 690 2096 significans
