<?xml version="1.0" encoding="UTF-8"?>
<!DOCTYPE html PUBLIC "-//W3C//DTD XHTML 1.0 Transitional//EN"
    "http://www.w3.org/TR/xhtml1/DTD/xhtml1-transitional.dtd">
<html xmlns="http://www.w3.org/1999/xhtml" xml:lang="en" lang="en">
 <head>
  <title>
</title>
<meta http-equiv="Content-Type" content="text/html;charset=utf-8" />
  <meta name='ocr-system' content='tesseract 3.04.00' />
  <meta name='ocr-capabilities' content='ocr_page ocr_carea ocr_par ocr_line ocrx_word'/>
</head>
<body>
  <div class='ocr_page' id='page_1' title='image "./operarecensuitri01libauoft_0203.png"; bbox 0 0 2026 3168; ppageno 0'>
   <div class='ocr_carea' id='block_1_1' title="bbox 648 140 1785 223">
    <p class='ocr_par' dir='ltr' id='par_1_1' title="bbox 648 140 1785 223">
     <span class='ocr_line' id='line_1_1' title="bbox 648 140 1785 223; baseline 0 -38"><span class='ocrx_word' id='word_1_1' title='bbox 648 141 873 223; x_wconf 55' lang='lat' dir='ltr'><em>LIBQ</em></span> <span class='ocrx_word' id='word_1_2' title='bbox 903 140 1244 186; x_wconf 87' lang='lat' dir='ltr'><strong>ORATIONES</strong></span> <span class='ocrx_word' id='word_1_3' title='bbox 1682 141 1785 195; x_wconf 83' lang='lat'><em>187</em></span> 
     </span>
    </p>
   </div>
   <div class='ocr_carea' id='block_1_2' title="bbox 96 278 1874 2030">
    <p class='ocr_par' dir='ltr' id='par_1_2' title="bbox 96 278 1874 2030">
     <span class='ocr_line' id='line_1_2' title="bbox 107 278 1787 349; baseline 0 -18"><span class='ocrx_word' id='word_1_4' title='bbox 107 285 206 332; x_wconf 92' lang='grc' dir='ltr'><em>τοῦ</em></span> <span class='ocrx_word' id='word_1_5' title='bbox 262 279 605 348; x_wconf 79' lang='grc' dir='ltr'><strong><em>σωφρονίσαι</em></strong></span> <span class='ocrx_word' id='word_1_6' title='bbox 659 278 758 330; x_wconf 90' lang='grc' dir='ltr'><em>τὸν</em></span> <span class='ocrx_word' id='word_1_7' title='bbox 812 279 1115 347; x_wconf 78' lang='grc' dir='ltr'><em>ἄνθρωπον</em></span> <span class='ocrx_word' id='word_1_8' title='bbox 1168 278 1332 346; x_wconf 81' lang='grc' dir='ltr'><em>δῆσαί</em></span> <span class='ocrx_word' id='word_1_9' title='bbox 1381 297 1439 330; x_wconf 92' lang='grc' dir='ltr'><em>τε</em></span> <span class='ocrx_word' id='word_1_10' title='bbox 1493 278 1662 331; x_wconf 84' lang='grc' dir='ltr'><em>αὐτὸν</em></span> <span class='ocrx_word' id='word_1_11' title='bbox 1711 284 1787 349; x_wconf 75' lang='grc' dir='ltr'><em>τῷ</em></span> 
     </span>
     <span class='ocr_line' id='line_1_3' title="bbox 107 365 1778 435; baseline -0.001 -15"><span class='ocrx_word' id='word_1_12' title='bbox 107 367 270 435; x_wconf 84' lang='grc' dir='ltr'><em>πατρὶ</em></span> <span class='ocrx_word' id='word_1_13' title='bbox 323 367 737 434; x_wconf 80' lang='grc' dir='ltr'><em>συμβουλεύσας</em></span> <span class='ocrx_word' id='word_1_14' title='bbox 796 367 886 419; x_wconf 83' lang='grc' dir='ltr'><em>καὶ</em></span> <span class='ocrx_word' id='word_1_15' title='bbox 939 375 1283 435; x_wconf 81' lang='grc' dir='ltr'><em>μετενεγκεῖν</em></span> <span class='ocrx_word' id='word_1_16' title='bbox 1337 365 1423 435; x_wconf 83' lang='grc' dir='ltr'><em>ἐφ’</em></span> <span class='ocrx_word' id='word_1_17' title='bbox 1483 367 1636 435; x_wconf 79' lang='grc' dir='ltr'><em>ὕδωρ</em></span> <span class='ocrx_word' id='word_1_18' title='bbox 1690 365 1778 419; x_wconf 86' lang='grc' dir='ltr'><em>ἀπ’</em></span> 
     </span>
     <span class='ocr_line' id='line_1_4' title="bbox 108 439 1788 526; baseline 0.001 -19"><span class='ocrx_word' id='word_1_19' title='bbox 108 460 286 523; x_wconf 73' lang='grc' dir='ltr'><em>οἴνου,</em></span> <span class='ocrx_word' id='word_1_20' title='bbox 333 455 422 507; x_wconf 87' lang='grc' dir='ltr'><em>καὶ</em></span> <span class='ocrx_word' id='word_1_21' title='bbox 470 456 573 525; x_wconf 76' lang='grc' dir='ltr'><em>γὰρ</em></span> <span class='ocrx_word' id='word_1_22' title='bbox 624 456 690 524; x_wconf 86' lang='grc' dir='ltr'><em>δὴ</em></span> <span class='ocrx_word' id='word_1_23' title='bbox 737 456 826 508; x_wconf 82' lang='grc' dir='ltr'><em>καὶ</em></span> <span class='ocrx_word' id='word_1_24' title='bbox 874 439 1190 523; x_wconf 66' lang='grc' dir='ltr'><em>ἐπεπύσμην</em></span> <span class='ocrx_word' id='word_1_25' title='bbox 1237 460 1370 526; x_wconf 74' lang='grc' dir='ltr'><em>οϊνῳ</em></span> <span class='ocrx_word' id='word_1_26' title='bbox 1418 463 1653 524; x_wconf 79' lang='grc' dir='ltr'><em>νοσῆσαι</em></span> <span class='ocrx_word' id='word_1_27' title='bbox 1690 456 1788 508; x_wconf 92' lang='grc' dir='ltr'><em>τὸν</em></span> 
     </span>
     <span class='ocr_line' id='line_1_5' title="bbox 107 545 1855 612; baseline 0.001 -16"><span class='ocrx_word' id='word_1_28' title='bbox 107 545 423 612; x_wconf 78' lang='grc' dir='ltr'><em>ἄνθρωπον.</em></span> <span class='ocrx_word' id='word_1_29' title='bbox 1832 566 1855 597; x_wconf 82' lang='lat'>4</span> 
     </span>
     <span class='ocr_line' id='line_1_6' title="bbox 214 623 1874 701; baseline 0.002 -17"><span class='ocrx_word' id='word_1_30' title='bbox 214 632 337 684; x_wconf 80' lang='grc'><strong>239.</strong></span> <span class='ocrx_word' id='word_1_31' title='bbox 366 630 502 685; x_wconf 84' lang='grc' dir='ltr'><em>Ἀλλ’</em></span> <span class='ocrx_word' id='word_1_32' title='bbox 549 631 796 701; x_wconf 78' lang='grc' dir='ltr'><em>ἐπάνειμι</em></span> <span class='ocrx_word' id='word_1_33' title='bbox 828 633 919 700; x_wconf 89' lang='grc' dir='ltr'><em>δή·</em></span> <span class='ocrx_word' id='word_1_34' title='bbox 950 642 1061 685; x_wconf 83' lang='grc' dir='ltr'><em>τῶν</em></span> <span class='ocrx_word' id='word_1_35' title='bbox 1090 651 1172 694; x_wconf 92' lang='grc' dir='ltr'><em>τις</em></span> <span class='ocrx_word' id='word_1_36' title='bbox 1205 630 1212 699; x_wconf 86' lang='grc' dir='ltr'>Ι</span> <span class='ocrx_word' id='word_1_37' title='bbox 1248 630 1365 698; x_wconf 80' lang='grc' dir='ltr'><em>ἐμοὶ</em></span> <span class='ocrx_word' id='word_1_38' title='bbox 1396 623 1693 700; x_wconf 80' lang='grc' dir='ltr'><em>πεπλησια-</em></span> <span class='ocrx_word' id='word_1_39' title='bbox 1723 644 1765 687; x_wconf 86' lang='lat' dir='ltr'><strong>R</strong></span> <span class='ocrx_word' id='word_1_40' title='bbox 1791 648 1874 688; x_wconf 86' lang='lat'><em>145</em></span> 
     </span>
     <span class='ocr_line' id='line_1_7' title="bbox 103 719 1788 792; baseline -0.001 -18"><span class='ocrx_word' id='word_1_41' title='bbox 103 723 283 774; x_wconf 90' lang='grc' dir='ltr'><em>κότων</em></span> <span class='ocrx_word' id='word_1_42' title='bbox 330 720 467 790; x_wconf 86' lang='grc' dir='ltr'><em>ἀνὴρ</em></span> <span class='ocrx_word' id='word_1_43' title='bbox 515 719 604 773; x_wconf 88' lang='grc' dir='ltr'><em>ἀεί</em></span> <span class='ocrx_word' id='word_1_44' title='bbox 645 740 798 783; x_wconf 92' lang='grc' dir='ltr'><em>τινας</em></span> <span class='ocrx_word' id='word_1_45' title='bbox 845 719 1041 773; x_wconf 82' lang='grc' dir='ltr'><em>ἑστιῶν</em></span> <span class='ocrx_word' id='word_1_46' title='bbox 1095 720 1184 773; x_wconf 86' lang='grc' dir='ltr'><em>καὶ</em></span> <span class='ocrx_word' id='word_1_47' title='bbox 1231 722 1406 792; x_wconf 88' lang='grc' dir='ltr'><em>τούτῳ</em></span> <span class='ocrx_word' id='word_1_48' title='bbox 1452 722 1659 790; x_wconf 90' lang='grc' dir='ltr'><em>χαίρων</em></span> <span class='ocrx_word' id='word_1_49' title='bbox 1708 721 1788 772; x_wconf 76' lang='grc' dir='ltr'><em>ὥν</em></span> 
     </span>
     <span class='ocr_line' id='line_1_8' title="bbox 103 808 1787 882; baseline 0 -20"><span class='ocrx_word' id='word_1_50' title='bbox 103 809 166 862; x_wconf 87' lang='grc' dir='ltr'><em>τέ</em></span> <span class='ocrx_word' id='word_1_51' title='bbox 207 829 288 872; x_wconf 92' lang='grc' dir='ltr'><em>τις</em></span> <span class='ocrx_word' id='word_1_52' title='bbox 332 808 395 863; x_wconf 79' lang='grc' dir='ltr'><em>εἶν</em></span> <span class='ocrx_word' id='word_1_53' title='bbox 440 816 514 882; x_wconf 78' lang='grc' dir='ltr'><em>τῷ</em></span> <span class='ocrx_word' id='word_1_54' title='bbox 554 809 769 881; x_wconf 79' lang='grc' dir='ltr'><em>μεγάλῳ</em></span> <span class='ocrx_word' id='word_1_55' title='bbox 817 810 1116 881; x_wconf 74' lang='grc' dir='ltr'><em>συνεδρίῳ,</em></span> <span class='ocrx_word' id='word_1_56' title='bbox 1166 811 1450 878; x_wconf 77' lang='grc' dir='ltr'><em>κιβδήλοις</em></span> <span class='ocrx_word' id='word_1_57' title='bbox 1504 809 1787 878; x_wconf 81' lang='grc' dir='ltr'><em>ὀνείρασιν</em></span> 
     </span>
     <span class='ocr_line' id='line_1_9' title="bbox 103 897 1788 967; baseline 0 -16"><span class='ocrx_word' id='word_1_58' title='bbox 103 897 462 967; x_wconf 80' lang='grc' dir='ltr'><em>ἐξαπατηθεὶς</em></span> <span class='ocrx_word' id='word_1_59' title='bbox 507 897 970 967; x_wconf 80' lang='grc' dir='ltr'><em>ὑπισχνουμένοις</em></span> <span class='ocrx_word' id='word_1_60' title='bbox 1023 899 1090 950; x_wconf 83' lang='grc' dir='ltr'><em>τὰ</em></span> <span class='ocrx_word' id='word_1_61' title='bbox 1143 898 1244 951; x_wconf 85' lang='grc' dir='ltr'><em>οὐκ</em></span> <span class='ocrx_word' id='word_1_62' title='bbox 1300 897 1555 967; x_wconf 80' lang='grc' dir='ltr'><em>ἐσόμενα,</em></span> <span class='ocrx_word' id='word_1_63' title='bbox 1611 902 1788 966; x_wconf 78' lang='grc' dir='ltr'><em>γελῶν</em></span> 
     </span>
     <span class='ocr_line' id='line_1_10' title="bbox 102 985 1785 1056; baseline 0 -17"><span class='ocrx_word' id='word_1_64' title='bbox 102 987 214 1054; x_wconf 74' lang='grc' dir='ltr'><em>ἅμα</em></span> <span class='ocrx_word' id='word_1_65' title='bbox 251 989 388 1056; x_wconf 90' lang='grc' dir='ltr'><em>πρὸς</em></span> <span class='ocrx_word' id='word_1_66' title='bbox 426 988 682 1055; x_wconf 82' lang='grc' dir='ltr'><em>πολλούς,</em></span> <span class='ocrx_word' id='word_1_67' title='bbox 722 988 854 1039; x_wconf 77' lang='grc' dir='ltr'><em>ἅττα</em></span> <span class='ocrx_word' id='word_1_68' title='bbox 893 988 1022 1054; x_wconf 81' lang='grc' dir='ltr'><em>ἴδοι,</em></span> <span class='ocrx_word' id='word_1_69' title='bbox 1062 989 1228 1054; x_wconf 81' lang='grc' dir='ltr'><em>ἔλεγε.</em></span> <span class='ocrx_word' id='word_1_70' title='bbox 1304 994 1467 1040; x_wconf 90' lang='grc' dir='ltr'><em>τοῦτο</em></span> <span class='ocrx_word' id='word_1_71' title='bbox 1507 987 1720 1056; x_wconf 85' lang='grc' dir='ltr'><em>προῖὼν</em></span> <span class='ocrx_word' id='word_1_72' title='bbox 1755 985 1785 1039; x_wconf 85' lang='grc' dir='ltr'>ὁ</span> 
     </span>
     <span class='ocr_line' id='line_1_11' title="bbox 99 1072 1852 1145; baseline 0 -16"><span class='ocrx_word' id='word_1_73' title='bbox 99 1078 300 1145; x_wconf 79' lang='grc' dir='ltr'><em>χρόνος</em></span> <span class='ocrx_word' id='word_1_74' title='bbox 339 1075 558 1143; x_wconf 84' lang='grc' dir='ltr'><em>ἐποίησε</em></span> <span class='ocrx_word' id='word_1_75' title='bbox 596 1076 875 1127; x_wconf 89' lang='grc' dir='ltr'><em>κίνδυνον.</em></span> <span class='ocrx_word' id='word_1_76' title='bbox 937 1076 1027 1127; x_wconf 81' lang='grc' dir='ltr'><em>καὶ</em></span> <span class='ocrx_word' id='word_1_77' title='bbox 1074 1075 1287 1128; x_wconf 80' lang='grc' dir='ltr'><em>ἀδικεῖν</em></span> <span class='ocrx_word' id='word_1_78' title='bbox 1324 1074 1577 1143; x_wconf 79' lang='grc' dir='ltr'><em>ἐδόκουν,</em></span> <span class='ocrx_word' id='word_1_79' title='bbox 1616 1074 1645 1127; x_wconf 92' lang='grc' dir='ltr'>ὁ</span> <span class='ocrx_word' id='word_1_80' title='bbox 1684 1072 1785 1142; x_wconf 74' lang='grc' dir='ltr'><em>μὲν</em></span> <span class='ocrx_word' id='word_1_81' title='bbox 1809 1097 1852 1129; x_wconf 86' lang='lat'><em>10</em></span> 
     </span>
     <span class='ocr_line' id='line_1_12' title="bbox 104 1157 1785 1235; baseline -0.001 -17"><span class='ocrx_word' id='word_1_82' title='bbox 104 1158 188 1228; x_wconf 81' lang='grc' dir='ltr'><em>οἷς</em></span> <span class='ocrx_word' id='word_1_83' title='bbox 227 1161 395 1232; x_wconf 83' lang='grc' dir='ltr'><em>εἶπεν,</em></span> <span class='ocrx_word' id='word_1_84' title='bbox 436 1164 464 1218; x_wconf 89' lang='grc' dir='ltr'>ὁ</span> <span class='ocrx_word' id='word_1_85' title='bbox 506 1161 566 1216; x_wconf 78' lang='grc' dir='ltr'><em>δὲ</em></span> <span class='ocrx_word' id='word_1_86' title='bbox 606 1157 690 1226; x_wconf 84' lang='grc' dir='ltr'><em>οἷς</em></span> <span class='ocrx_word' id='word_1_87' title='bbox 725 1166 976 1232; x_wconf 82' lang='grc' dir='ltr'><em>ἤκουσεν.</em></span> <span class='ocrx_word' id='word_1_88' title='bbox 1054 1164 1177 1216; x_wconf 83' lang='grc'>240.</span> <span class='ocrx_word' id='word_1_89' title='bbox 1225 1160 1304 1217; x_wconf 77' lang='grc' dir='ltr'><em>ὧν</em></span> <span class='ocrx_word' id='word_1_90' title='bbox 1350 1157 1428 1227; x_wconf 82' lang='grc' dir='ltr'><em>εἷς</em></span> <span class='ocrx_word' id='word_1_91' title='bbox 1473 1184 1555 1227; x_wconf 89' lang='grc' dir='ltr'><em>τις</em></span> <span class='ocrx_word' id='word_1_92' title='bbox 1601 1163 1663 1217; x_wconf 84' lang='grc' dir='ltr'><em>ἐν</em></span> <span class='ocrx_word' id='word_1_93' title='bbox 1708 1170 1785 1235; x_wconf 75' lang='grc' dir='ltr'><em>τῷ</em></span> 
     </span>
     <span class='ocr_line' id='line_1_13' title="bbox 106 1251 1787 1324; baseline -0.001 -18"><span class='ocrx_word' id='word_1_94' title='bbox 106 1255 435 1324; x_wconf 80' lang='grc' dir='ltr'><em>δικαστηρίῳ</em></span> <span class='ocrx_word' id='word_1_95' title='bbox 487 1251 576 1305; x_wconf 87' lang='grc' dir='ltr'><em>καὶ</em></span> <span class='ocrx_word' id='word_1_96' title='bbox 627 1251 760 1321; x_wconf 82' lang='grc' dir='ltr'><em>ἐμὸν</em></span> <span class='ocrx_word' id='word_1_97' title='bbox 808 1252 1135 1322; x_wconf 81' lang='grc' dir='ltr'><em>ὑπογραφέα</em></span> <span class='ocrx_word' id='word_1_98' title='bbox 1185 1253 1643 1321; x_wconf 84' lang='grc' dir='ltr'><em>κεκοινωνηκέναι</em></span> <span class='ocrx_word' id='word_1_99' title='bbox 1692 1260 1787 1321; x_wconf 84' lang='grc' dir='ltr'><em>τῆς</em></span> 
     </span>
     <span class='ocr_line' id='line_1_14' title="bbox 108 1338 1786 1410; baseline -0.001 -15"><span class='ocrx_word' id='word_1_100' title='bbox 108 1342 271 1410; x_wconf 83' lang='grc' dir='ltr'><em>ἀκοῆς</em></span> <span class='ocrx_word' id='word_1_101' title='bbox 305 1339 561 1410; x_wconf 79' lang='grc' dir='ltr'><em>ἔφασκεν,</em></span> <span class='ocrx_word' id='word_1_102' title='bbox 597 1340 626 1394; x_wconf 89' lang='grc' dir='ltr'>ὁ</span> <span class='ocrx_word' id='word_1_103' title='bbox 660 1338 720 1393; x_wconf 72' lang='grc' dir='ltr'><em>δὲ</em></span> <span class='ocrx_word' id='word_1_104' title='bbox 753 1342 859 1410; x_wconf 76' lang='grc' dir='ltr'><em>ἄρα</em></span> <span class='ocrx_word' id='word_1_105' title='bbox 890 1340 1189 1409; x_wconf 81' lang='grc' dir='ltr'><em>ἐτεθνήκει,</em></span> <span class='ocrx_word' id='word_1_106' title='bbox 1221 1342 1312 1394; x_wconf 84' lang='grc' dir='ltr'><em>καὶ</em></span> <span class='ocrx_word' id='word_1_107' title='bbox 1350 1349 1514 1394; x_wconf 88' lang='grc' dir='ltr'><em>τοῦτο</em></span> <span class='ocrx_word' id='word_1_108' title='bbox 1548 1341 1786 1404; x_wconf 90' lang='grc' dir='ltr'><em>ἀκούσας</em></span> 
     </span>
     <span class='ocr_line' id='line_1_15' title="bbox 99 1428 1784 1502; baseline 0 -20"><span class='ocrx_word' id='word_1_109' title='bbox 99 1430 132 1483; x_wconf 89' lang='grc' dir='ltr'>ὁ</span> <span class='ocrx_word' id='word_1_110' title='bbox 181 1431 437 1498; x_wconf 86' lang='grc' dir='ltr'><em>δικαστὴς</em></span> <span class='ocrx_word' id='word_1_111' title='bbox 486 1428 702 1496; x_wconf 82' lang='grc' dir='ltr'><em>ἐξέβαλε</em></span> <span class='ocrx_word' id='word_1_112' title='bbox 752 1430 851 1482; x_wconf 91' lang='grc' dir='ltr'><em>τὸν</em></span> <span class='ocrx_word' id='word_1_113' title='bbox 896 1432 1082 1498; x_wconf 80' lang='grc' dir='ltr'><em>λόγον.</em></span> <span class='ocrx_word' id='word_1_114' title='bbox 1158 1430 1327 1483; x_wconf 82' lang='grc' dir='ltr'><em>πάλιν</em></span> <span class='ocrx_word' id='word_1_115' title='bbox 1377 1429 1439 1483; x_wconf 79' lang='grc' dir='ltr'><em>ἐν</em></span> <span class='ocrx_word' id='word_1_116' title='bbox 1487 1430 1664 1502; x_wconf 87' lang='grc' dir='ltr'><em>τούτῳ</em></span> <span class='ocrx_word' id='word_1_117' title='bbox 1714 1436 1784 1502; x_wconf 76' lang='grc' dir='ltr'><em>τςῖ</em></span> 
     </span>
     <span class='ocr_line' id='line_1_16' title="bbox 97 1515 1850 1590; baseline 0.001 -19"><span class='ocrx_word' id='word_1_118' title='bbox 97 1516 325 1590; x_wconf 82' lang='grc' dir='ltr'><em>θανάτῳ</em></span> <span class='ocrx_word' id='word_1_119' title='bbox 380 1519 628 1586; x_wconf 81' lang='grc' dir='ltr'><em>βασάνου</em></span> <span class='ocrx_word' id='word_1_120' title='bbox 682 1515 783 1584; x_wconf 71' lang='grc' dir='ltr'><em>μὲν</em></span> <span class='ocrx_word' id='word_1_121' title='bbox 837 1517 1060 1586; x_wconf 82' lang='grc' dir='ltr'><em>ἐκεῖνος,</em></span> <span class='ocrx_word' id='word_1_122' title='bbox 1115 1517 1219 1586; x_wconf 80' lang='grc' dir='ltr'><em>ἐγὼ</em></span> <span class='ocrx_word' id='word_1_123' title='bbox 1276 1516 1337 1572; x_wconf 76' lang='grc' dir='ltr'><em>δὲ</em></span> <span class='ocrx_word' id='word_1_124' title='bbox 1391 1518 1527 1572; x_wconf 84' lang='grc' dir='ltr'><em>ὁδοῦ</em></span> <span class='ocrx_word' id='word_1_125' title='bbox 1581 1538 1639 1571; x_wconf 92' lang='grc' dir='ltr'><em>τε</em></span> <span class='ocrx_word' id='word_1_126' title='bbox 1692 1517 1783 1572; x_wconf 82' lang='grc' dir='ltr'><em>καὶ</em></span> <span class='ocrx_word' id='word_1_127' title='bbox 1808 1540 1850 1573; x_wconf 83' lang='lat'><em>15</em></span> 
     </span>
     <span class='ocr_line' id='line_1_17' title="bbox 96 1606 1784 1677; baseline 0 -17"><span class='ocrx_word' id='word_1_128' title='bbox 96 1608 368 1676; x_wconf 87' lang='grc' dir='ltr'><em>θορύβων</em></span> <span class='ocrx_word' id='word_1_129' title='bbox 405 1607 496 1660; x_wconf 85' lang='grc' dir='ltr'><em>καὶ</em></span> <span class='ocrx_word' id='word_1_130' title='bbox 534 1609 722 1660; x_wconf 88' lang='grc' dir='ltr'><em>πόνων</em></span> <span class='ocrx_word' id='word_1_131' title='bbox 761 1607 826 1659; x_wconf 85' lang='grc' dir='ltr'><em>οὐ</em></span> <span class='ocrx_word' id='word_1_132' title='bbox 868 1617 1128 1676; x_wconf 83' lang='grc' dir='ltr'><em>φορητῶν</em></span> <span class='ocrx_word' id='word_1_133' title='bbox 1166 1607 1424 1676; x_wconf 89' lang='grc' dir='ltr'><em>ἀφείθην.</em></span> <span class='ocrx_word' id='word_1_134' title='bbox 1492 1606 1522 1660; x_wconf 88' lang='grc' dir='ltr'>ὁ</span> <span class='ocrx_word' id='word_1_135' title='bbox 1562 1608 1666 1677; x_wconf 74' lang='grc' dir='ltr'><em>γὰρ</em></span> <span class='ocrx_word' id='word_1_136' title='bbox 1715 1609 1784 1676; x_wconf 88' lang='grc' dir='ltr'><em>δὴ</em></span> 
     </span>
     <span class='ocr_line' id='line_1_18' title="bbox 102 1691 1784 1763; baseline 0 -15"><span class='ocrx_word' id='word_1_137' title='bbox 102 1694 191 1748; x_wconf 78' lang='grc' dir='ltr'><em>ἐπὶ</em></span> <span class='ocrx_word' id='word_1_138' title='bbox 229 1701 507 1748; x_wconf 85' lang='grc' dir='ltr'><em>τεθνεῶτα</em></span> <span class='ocrx_word' id='word_1_139' title='bbox 544 1697 693 1763; x_wconf 75' lang='grc' dir='ltr'><em>ἥκων</em></span> <span class='ocrx_word' id='word_1_140' title='bbox 730 1698 812 1758; x_wconf 90' lang='grc' dir='ltr'><em>τίς</em></span> <span class='ocrx_word' id='word_1_141' title='bbox 849 1695 919 1748; x_wconf 78' lang='grc' dir='ltr'><em>ἂν</em></span> <span class='ocrx_word' id='word_1_142' title='bbox 957 1691 1027 1763; x_wconf 79' lang='grc' dir='ltr'><em>ἦν</em></span> <span class='ocrx_word' id='word_1_143' title='bbox 1067 1699 1285 1760; x_wconf 80' lang='grc' dir='ltr'><em>ζῶντος;</em></span> <span class='ocrx_word' id='word_1_144' title='bbox 1324 1694 1474 1763; x_wconf 78' lang='grc' dir='ltr'><em>ἔλεγε</em></span> <span class='ocrx_word' id='word_1_145' title='bbox 1514 1693 1575 1748; x_wconf 74' lang='grc' dir='ltr'><em>δὲ</em></span> <span class='ocrx_word' id='word_1_146' title='bbox 1612 1703 1784 1749; x_wconf 89' lang='grc' dir='ltr'><em>ταῦτα</em></span> 
     </span>
     <span class='ocr_line' id='line_1_19' title="bbox 100 1781 1782 1853; baseline 0.001 -17"><span class='ocrx_word' id='word_1_147' title='bbox 100 1784 203 1853; x_wconf 88' lang='grc' dir='ltr'><em>οὐχ</em></span> <span class='ocrx_word' id='word_1_148' title='bbox 227 1784 299 1846; x_wconf 83' lang='grc' dir='ltr'><em>ὡς</em></span> <span class='ocrx_word' id='word_1_149' title='bbox 329 1785 428 1836; x_wconf 91' lang='grc' dir='ltr'><em>τὸν</em></span> <span class='ocrx_word' id='word_1_150' title='bbox 459 1785 658 1849; x_wconf 91' lang='grc' dir='ltr'><em>νεκρὸν</em></span> <span class='ocrx_word' id='word_1_151' title='bbox 688 1785 1032 1853; x_wconf 84' lang='grc' dir='ltr'><em>παραδώσων</em></span> <span class='ocrx_word' id='word_1_152' title='bbox 1063 1793 1178 1847; x_wconf 88' lang='grc' dir='ltr'><em>τοῖς</em></span> <span class='ocrx_word' id='word_1_153' title='bbox 1208 1787 1414 1852; x_wconf 90' lang='grc' dir='ltr'><em>νόμοις,</em></span> <span class='ocrx_word' id='word_1_154' title='bbox 1447 1783 1588 1853; x_wconf 82' lang='grc' dir='ltr'><em>ἀλλ’,</em></span> <span class='ocrx_word' id='word_1_155' title='bbox 1615 1781 1782 1853; x_wconf 81' lang='grc' dir='ltr'><em>οἶμαι,</em></span> 
     </span>
     <span class='ocr_line' id='line_1_20' title="bbox 100 1871 1781 1942; baseline 0.001 -17"><span class='ocrx_word' id='word_1_156' title='bbox 100 1892 154 1925; x_wconf 92' lang='grc' dir='ltr'><em>τι</em></span> <span class='ocrx_word' id='word_1_157' title='bbox 190 1873 575 1941; x_wconf 86' lang='grc' dir='ltr'><em>προσεδόκησε,</em></span> <span class='ocrx_word' id='word_1_158' title='bbox 613 1881 729 1935; x_wconf 87' lang='grc' dir='ltr'><em>τοῖς</em></span> <span class='ocrx_word' id='word_1_159' title='bbox 767 1873 834 1925; x_wconf 89' lang='grc' dir='ltr'><em>οὐ</em></span> <span class='ocrx_word' id='word_1_160' title='bbox 874 1871 984 1939; x_wconf 89' lang='grc' dir='ltr'><em>μετ’</em></span> <span class='ocrx_word' id='word_1_161' title='bbox 1033 1874 1203 1926; x_wconf 85' lang='grc' dir='ltr'><em>αὐτοῦ</em></span> <span class='ocrx_word' id='word_1_162' title='bbox 1236 1872 1548 1939; x_wconf 85' lang='grc' dir='ltr'><em>δεδεμένοις</em></span> <span class='ocrx_word' id='word_1_163' title='bbox 1578 1881 1678 1926; x_wconf 90' lang='grc' dir='ltr'><em>τοῦ</em></span> <span class='ocrx_word' id='word_1_164' title='bbox 1709 1874 1781 1942; x_wconf 87' lang='grc' dir='ltr'><em>μὴ</em></span> 
     </span>
     <span class='ocr_line' id='line_1_21' title="bbox 101 1960 1848 2030; baseline 0.001 -17"><span class='ocrx_word' id='word_1_165' title='bbox 101 1960 362 2014; x_wconf 87' lang='grc' dir='ltr'><em>δεδέσθαι</em></span> <span class='ocrx_word' id='word_1_166' title='bbox 401 1966 649 2029; x_wconf 84' lang='grc' dir='ltr'><em>φθονῶν.</em></span> <span class='ocrx_word' id='word_1_167' title='bbox 710 1961 875 2030; x_wconf 84' lang='grc' dir='ltr'><em>τύχης</em></span> <span class='ocrx_word' id='word_1_168' title='bbox 913 1963 1107 2014; x_wconf 92' lang='grc' dir='ltr'><em>τοίνυν</em></span> <span class='ocrx_word' id='word_1_169' title='bbox 1146 1961 1359 2030; x_wconf 82' lang='grc' dir='ltr'><em>ἀγαθῆς</em></span> <span class='ocrx_word' id='word_1_170' title='bbox 1396 1962 1458 2014; x_wconf 93' lang='grc' dir='ltr'><em>τὸ</em></span> <span class='ocrx_word' id='word_1_171' title='bbox 1497 1962 1569 2030; x_wconf 87' lang='grc' dir='ltr'><em>μὴ</em></span> <span class='ocrx_word' id='word_1_172' title='bbox 1608 1981 1781 2014; x_wconf 90' lang='grc' dir='ltr'><em>κακω-</em></span> <span class='ocrx_word' id='word_1_173' title='bbox 1804 1984 1848 2016; x_wconf 70' lang='grc' dir='ltr'><em>εο</em></span> 
     </span>
    </p>
   </div>
   <div class='ocr_carea' id='block_1_3' title="bbox 100 2066 454 2072">
    <p class='ocr_par' dir='ltr' id='par_1_3' title="bbox 100 2066 454 2072">
     <span class='ocr_line' id='line_1_22' title="bbox 100 2066 454 2072; baseline 0 0"><span class='ocrx_word' id='word_1_174' title='bbox 100 2066 454 2072; x_wconf 95' lang='lat' dir='ltr'><em> </em></span> 
     </span>
    </p>
   </div>
   <div class='ocr_carea' id='block_1_4' title="bbox 103 2120 1779 2224">
    <p class='ocr_par' dir='ltr' id='par_1_4' title="bbox 103 2120 1779 2224">
     <span class='ocr_line' id='line_1_23' title="bbox 103 2120 1779 2224; baseline 0.001 -61"><span class='ocrx_word' id='word_1_175' title='bbox 103 2179 136 2224; x_wconf 76' lang='lat' dir='ltr'>C</span> <span class='ocrx_word' id='word_1_176' title='bbox 165 2180 201 2223; x_wconf 39' lang='lat' dir='ltr'><em>&#39;t</em></span> <span class='ocrx_word' id='word_1_177' title='bbox 221 2120 526 2223; x_wconf 44' lang='lat' dir='ltr'>116T31emist.</span> <span class='ocrx_word' id='word_1_178' title='bbox 554 2134 615 2164; x_wconf 86' lang='lat' dir='ltr'><em>or.</em></span> <span class='ocrx_word' id='word_1_179' title='bbox 643 2121 746 2164; x_wconf 90' lang='lat' dir='ltr'><em>XIX</em></span> <span class='ocrx_word' id='word_1_180' title='bbox 770 2137 813 2178; x_wconf 92' lang='lat' dir='ltr'><em>p.</em></span> <span class='ocrx_word' id='word_1_181' title='bbox 841 2125 939 2176; x_wconf 84' lang='lat'>280,</span> <span class='ocrx_word' id='word_1_182' title='bbox 968 2125 1034 2165; x_wconf 89' lang='grc'><em>16.</em></span> <span class='ocrx_word' id='word_1_183' title='bbox 1062 2126 1161 2175; x_wconf 83' lang='lat'>281,</span> <span class='ocrx_word' id='word_1_184' title='bbox 1187 2126 1239 2165; x_wconf 81' lang='lat'><em>21</em></span> <span class='ocrx_word' id='word_1_185' title='bbox 1260 2135 1326 2178; x_wconf 79' lang='lat' dir='ltr'><em>sq.</em></span> <span class='ocrx_word' id='word_1_186' title='bbox 1356 2121 1494 2165; x_wconf 87' lang='lat' dir='ltr'><strong>Dind.</strong></span> <span class='ocrx_word' id='word_1_187' title='bbox 1582 2126 1636 2165; x_wconf 88' lang='lat'><em>14</em></span> <span class='ocrx_word' id='word_1_188' title='bbox 1660 2121 1779 2165; x_wconf 76' lang='lat' dir='ltr'><strong>Plat.</strong></span> 
     </span>
     <span class='ocr_line' id='line_1_24' title="bbox 138 2195 212 2223; baseline 0 0"><span class='ocrx_word' id='word_1_189' title='bbox 138 2195 179 2223; x_wconf 88' lang='lat' dir='ltr'><strong>n</strong></span> <span class='ocrx_word' id='word_1_190' title='bbox 204 2215 212 2223; x_wconf 93' lang='lat'><strong><em>.</em></strong></span> 
     </span>
    </p>
   </div>
   <div class='ocr_carea' id='block_1_5' title="bbox 99 2266 453 2271">
    <p class='ocr_par' dir='ltr' id='par_1_5' title="bbox 99 2266 453 2271">
     <span class='ocr_line' id='line_1_25' title="bbox 99 2266 453 2271; baseline 0 0"><span class='ocrx_word' id='word_1_191' title='bbox 99 2266 453 2271; x_wconf 95' lang='lat' dir='ltr'><em> </em></span> 
     </span>
    </p>
   </div>
   <div class='ocr_carea' id='block_1_6' title="bbox 220 2308 797 2369">
    <p class='ocr_par' dir='ltr' id='par_1_6' title="bbox 220 2308 797 2369">
     <span class='ocr_line' id='line_1_26' title="bbox 220 2308 797 2369; baseline 0 -14"><span class='ocrx_word' id='word_1_192' title='bbox 220 2318 245 2355; x_wconf 88' lang='grc'><strong>9</strong></span> <span class='ocrx_word' id='word_1_193' title='bbox 279 2311 390 2357; x_wconf 80' lang='grc' dir='ltr'><em>ἴδοι·</em></span> <span class='ocrx_word' id='word_1_194' title='bbox 424 2311 571 2369; x_wconf 78' lang='grc' dir='ltr'><em>ἤγουν</em></span> <span class='ocrx_word' id='word_1_195' title='bbox 604 2308 727 2357; x_wconf 82' lang='grc' dir='ltr'><em>εἶδεν</em></span> <span class='ocrx_word' id='word_1_196' title='bbox 755 2314 797 2356; x_wconf 94' lang='lat' dir='ltr'><strong><em>V</em></strong></span> 
     </span>
    </p>
   </div>
   <div class='ocr_carea' id='block_1_7' title="bbox 102 2398 456 2403">
    <p class='ocr_par' dir='ltr' id='par_1_7' title="bbox 102 2398 456 2403">
     <span class='ocr_line' id='line_1_27' title="bbox 102 2398 456 2403; baseline 0 0"><span class='ocrx_word' id='word_1_197' title='bbox 102 2398 456 2403; x_wconf 95' lang='lat' dir='ltr'><em> </em></span> 
     </span>
    </p>
   </div>
   <div class='ocr_carea' id='block_1_8' title="bbox 99 2443 1834 2561">
    <p class='ocr_par' dir='ltr' id='par_1_8' title="bbox 99 2443 1834 2561">
     <span class='ocr_line' id='line_1_28' title="bbox 221 2443 1834 2502; baseline 0.001 -14"><span class='ocrx_word' id='word_1_198' title='bbox 221 2450 243 2488; x_wconf 92' lang='lat'>1</span> <span class='ocrx_word' id='word_1_199' title='bbox 277 2443 562 2501; x_wconf 83' lang='grc' dir='ltr'><em>σωφρονίσαι</em></span> <span class='ocrx_word' id='word_1_200' title='bbox 594 2444 758 2502; x_wconf 81' lang='lat' dir='ltr'>scripsi</span> <span class='ocrx_word' id='word_1_201' title='bbox 834 2451 1067 2502; x_wconf 86' lang='grc' dir='ltr'><em>φρονῆσαι</em></span> <span class='ocrx_word' id='word_1_202' title='bbox 1097 2444 1206 2488; x_wconf 84' lang='lat' dir='ltr'>libri</span> <span class='ocrx_word' id='word_1_203' title='bbox 1229 2445 1321 2489; x_wconf 84' lang='lat' dir='ltr'><em>edd</em></span> <span class='ocrx_word' id='word_1_204' title='bbox 1426 2450 1452 2488; x_wconf 90' lang='lat'>5</span> <span class='ocrx_word' id='word_1_205' title='bbox 1485 2446 1586 2502; x_wconf 80' lang='grc' dir='ltr'><em>ἐμοὶ</em></span> <span class='ocrx_word' id='word_1_206' title='bbox 1616 2445 1781 2502; x_wconf 81' lang='lat' dir='ltr'><strong>scripsi</strong></span> <span class='ocrx_word' id='word_1_207' title='bbox 1828 2474 1834 2477; x_wconf 82' lang='lat'><em>-</em></span> 
     </span>
     <span class='ocr_line' id='line_1_29' title="bbox 99 2503 1729 2561; baseline 0 -14"><span class='ocrx_word' id='word_1_208' title='bbox 99 2517 158 2547; x_wconf 79' lang='lat' dir='ltr'><em>ex</em></span> <span class='ocrx_word' id='word_1_209' title='bbox 179 2505 274 2549; x_wconf 81' lang='lat' dir='ltr'><em>AB</em></span> <span class='ocrx_word' id='word_1_210' title='bbox 298 2503 401 2548; x_wconf 82' lang='lat' dir='ltr'><strong>coll.</strong></span> <span class='ocrx_word' id='word_1_211' title='bbox 425 2519 470 2561; x_wconf 89' lang='lat' dir='ltr'><em>p.</em></span> <span class='ocrx_word' id='word_1_212' title='bbox 491 2508 588 2558; x_wconf 81' lang='lat'>193,</span> <span class='ocrx_word' id='word_1_213' title='bbox 609 2509 662 2548; x_wconf 81' lang='lat'><em>16</em></span> <span class='ocrx_word' id='word_1_214' title='bbox 723 2521 778 2561; x_wconf 83' lang='grc' dir='ltr'><em>γρ</em></span> <span class='ocrx_word' id='word_1_215' title='bbox 803 2504 912 2561; x_wconf 85' lang='grc' dir='ltr'><em>ἡμῖν</em></span> <span class='ocrx_word' id='word_1_216' title='bbox 937 2517 1078 2561; x_wconf 82' lang='lat' dir='ltr'>supra.</span> <span class='ocrx_word' id='word_1_217' title='bbox 1102 2504 1202 2561; x_wconf 81' lang='grc' dir='ltr'><em>ἐμοὶ</em></span> <span class='ocrx_word' id='word_1_218' title='bbox 1225 2504 1291 2549; x_wconf 78' lang='lat'><em>1³⁸</em></span> <span class='ocrx_word' id='word_1_219' title='bbox 1349 2504 1460 2561; x_wconf 84' lang='grc' dir='ltr'><em>ἡμῖν</em></span> <span class='ocrx_word' id='word_1_220' title='bbox 1487 2506 1613 2550; x_wconf 84' lang='lat' dir='ltr'><em>GVL</em></span> <span class='ocrx_word' id='word_1_221' title='bbox 1637 2505 1729 2548; x_wconf 83' lang='lat' dir='ltr'><em>edd</em></span> 
     </span>
    </p>
   </div>
   <div class='ocr_carea' id='block_1_9' title="bbox 99 2576 1782 3003">
    <p class='ocr_par' dir='ltr' id='par_1_9' title="bbox 99 2576 1782 3003">
     <span class='ocr_line' id='line_1_30' title="bbox 100 2576 1782 2651; baseline 0.002 -16"><span class='ocrx_word' id='word_1_222' title='bbox 100 2595 127 2635; x_wconf 87' lang='grc'>9</span> <span class='ocrx_word' id='word_1_223' title='bbox 166 2592 378 2650; x_wconf 72' lang='grc' dir='ltr'><em>πολλούς]</em></span> <span class='ocrx_word' id='word_1_224' title='bbox 418 2592 599 2644; x_wconf 80' lang='grc' dir='ltr'><em>πάντας</em></span> <span class='ocrx_word' id='word_1_225' title='bbox 635 2595 679 2637; x_wconf 90' lang='lat' dir='ltr'><strong><em>L</em></strong></span> <span class='ocrx_word' id='word_1_226' title='bbox 729 2595 734 2651; x_wconf 91' lang='grc' dir='ltr'>Ι</span> <span class='ocrx_word' id='word_1_227' title='bbox 783 2576 927 2637; x_wconf 48' lang='grc' dir='ltr'><em>τοῖ’)τίό)</em></span> <span class='ocrx_word' id='word_1_228' title='bbox 954 2593 1046 2637; x_wconf 87' lang='grc' dir='ltr'><em>ΑΡ</em></span> <span class='ocrx_word' id='word_1_229' title='bbox 1100 2592 1245 2636; x_wconf 76' lang='grc' dir='ltr'><em>τούτω</em></span> <span class='ocrx_word' id='word_1_230' title='bbox 1276 2593 1323 2637; x_wconf 88' lang='grc' dir='ltr'><strong><em>Β</em></strong></span> <span class='ocrx_word' id='word_1_231' title='bbox 1463 2597 1515 2636; x_wconf 93' lang='grc'><em>11</em></span> <span class='ocrx_word' id='word_1_232' title='bbox 1549 2592 1595 2637; x_wconf 79' lang='grc' dir='ltr'><em>οἱ</em></span> <span class='ocrx_word' id='word_1_233' title='bbox 1627 2591 1679 2637; x_wconf 80' lang='grc' dir='ltr'><em>δὲ</em></span> <span class='ocrx_word' id='word_1_234' title='bbox 1710 2589 1782 2645; x_wconf 79' lang='grc' dir='ltr'><em>οἷς</em></span> 
     </span>
     <span class='ocr_line' id='line_1_31' title="bbox 101 2649 1780 2709; baseline 0.001 -15"><span class='ocrx_word' id='word_1_235' title='bbox 101 2649 308 2705; x_wconf 82' lang='grc' dir='ltr'><em>ἤκουσαν</em></span> <span class='ocrx_word' id='word_1_236' title='bbox 340 2651 495 2695; x_wconf 83' lang='lat' dir='ltr'><strong>Gasda.</strong></span> <span class='ocrx_word' id='word_1_237' title='bbox 522 2654 528 2708; x_wconf 89' lang='grc' dir='ltr'>Ι</span> <span class='ocrx_word' id='word_1_238' title='bbox 556 2651 724 2707; x_wconf 84' lang='grc' dir='ltr'><em>ἤκουσε</em></span> <span class='ocrx_word' id='word_1_239' title='bbox 756 2654 802 2696; x_wconf 90' lang='grc' dir='ltr'><strong><em>Ρ</em></strong></span> <span class='ocrx_word' id='word_1_240' title='bbox 826 2655 831 2709; x_wconf 74' lang='lat'>1</span> <span class='ocrx_word' id='word_1_241' title='bbox 859 2666 955 2702; x_wconf 83' lang='grc' dir='ltr'><em>στις</em></span> <span class='ocrx_word' id='word_1_242' title='bbox 984 2651 1033 2694; x_wconf 84' lang='lat' dir='ltr'><em>in</em></span> <span class='ocrx_word' id='word_1_243' title='bbox 1064 2649 1202 2702; x_wconf 84' lang='grc' dir='ltr'><em>εἶστις</em></span> <span class='ocrx_word' id='word_1_244' title='bbox 1230 2651 1280 2695; x_wconf 88' lang='lat' dir='ltr'><em>in</em></span> <span class='ocrx_word' id='word_1_245' title='bbox 1309 2665 1385 2695; x_wconf 85' lang='lat' dir='ltr'><em>ras</em></span> <span class='ocrx_word' id='word_1_246' title='bbox 1419 2652 1483 2696; x_wconf 65' lang='lat' dir='ltr'><em>C*</em></span> <span class='ocrx_word' id='word_1_247' title='bbox 1605 2656 1660 2695; x_wconf 87' lang='grc'><em>14</em></span> <span class='ocrx_word' id='word_1_248' title='bbox 1689 2651 1780 2695; x_wconf 84' lang='grc' dir='ltr'><em>πά-</em></span> 
     </span>
     <span class='ocr_line' id='line_1_32' title="bbox 99 2707 1780 2767; baseline 0.002 -15"><span class='ocrx_word' id='word_1_249' title='bbox 99 2711 173 2752; x_wconf 76' lang='grc' dir='ltr'><em>λιν</em></span> <span class='ocrx_word' id='word_1_250' title='bbox 202 2707 392 2754; x_wconf 67' lang='grc' dir='ltr'><em>τοίνυνῗ</em></span> <span class='ocrx_word' id='word_1_251' title='bbox 514 2714 567 2754; x_wconf 83' lang='grc'><em>15</em></span> <span class='ocrx_word' id='word_1_252' title='bbox 598 2727 646 2755; x_wconf 86' lang='grc' dir='ltr'><em>τε</em></span> <span class='ocrx_word' id='word_1_253' title='bbox 677 2711 852 2756; x_wconf 81' lang='lat' dir='ltr'>inserui</span> <span class='ocrx_word' id='word_1_254' title='bbox 884 2725 908 2754; x_wconf 82' lang='lat' dir='ltr'>e</span> <span class='ocrx_word' id='word_1_255' title='bbox 935 2711 1016 2754; x_wconf 88' lang='lat' dir='ltr'><em>VL</em></span> <span class='ocrx_word' id='word_1_256' title='bbox 1138 2715 1190 2754; x_wconf 88' lang='grc'><em>16</em></span> <span class='ocrx_word' id='word_1_257' title='bbox 1223 2711 1278 2755; x_wconf 85' lang='grc' dir='ltr'><em>οὐ</em></span> <span class='ocrx_word' id='word_1_258' title='bbox 1310 2719 1527 2767; x_wconf 83' lang='grc' dir='ltr'><em>φορητῶν</em></span> <span class='ocrx_word' id='word_1_259' title='bbox 1558 2710 1723 2767; x_wconf 84' lang='lat' dir='ltr'>scripsi</span> <span class='ocrx_word' id='word_1_260' title='bbox 1753 2725 1780 2755; x_wconf 81' lang='lat' dir='ltr'>e</span> 
     </span>
     <span class='ocr_line' id='line_1_33' title="bbox 111 2768 1778 2826; baseline 0.002 -16"><span class='ocrx_word' id='word_1_261' title='bbox 111 2768 194 2811; x_wconf 91' lang='lat' dir='ltr'><em>VL</em></span> <span class='ocrx_word' id='word_1_262' title='bbox 217 2768 319 2812; x_wconf 83' lang='lat' dir='ltr'><strong>coll.</strong></span> <span class='ocrx_word' id='word_1_263' title='bbox 335 2784 380 2824; x_wconf 89' lang='lat' dir='ltr'><em>p.</em></span> <span class='ocrx_word' id='word_1_264' title='bbox 394 2773 528 2823; x_wconf 89' lang='grc'><em>168,3</em></span> <span class='ocrx_word' id='word_1_265' title='bbox 555 2771 603 2813; x_wconf 67' lang='lat' dir='ltr'><em>ef,</em></span> <span class='ocrx_word' id='word_1_266' title='bbox 624 2770 645 2813; x_wconf 93' lang='lat' dir='ltr'>I</span> <span class='ocrx_word' id='word_1_267' title='bbox 661 2774 829 2824; x_wconf 84' lang='lat'>381,14</span> <span class='ocrx_word' id='word_1_268' title='bbox 846 2770 921 2826; x_wconf 86' lang='lat' dir='ltr'><em>(R)</em></span> <span class='ocrx_word' id='word_1_269' title='bbox 982 2768 1233 2825; x_wconf 86' lang='grc' dir='ltr'><em>ἀφορήτων</em></span> <span class='ocrx_word' id='word_1_270' title='bbox 1257 2770 1430 2814; x_wconf 82' lang='lat' dir='ltr'><strong><em>AGPB</em></strong></span> <span class='ocrx_word' id='word_1_271' title='bbox 1454 2769 1545 2813; x_wconf 85' lang='lat' dir='ltr'><em>edd</em></span> <span class='ocrx_word' id='word_1_272' title='bbox 1637 2774 1690 2812; x_wconf 80' lang='lat'><em>1‘1</em></span> <span class='ocrx_word' id='word_1_273' title='bbox 1707 2785 1778 2814; x_wconf 82' lang='grc' dir='ltr'><em>τε·</em></span> 
     </span>
     <span class='ocr_line' id='line_1_34' title="bbox 99 2828 1780 2884; baseline 0.002 -15"><span class='ocrx_word' id='word_1_274' title='bbox 99 2829 288 2870; x_wconf 85' lang='grc' dir='ltr'><em>θνεῶτα</em></span> <span class='ocrx_word' id='word_1_275' title='bbox 319 2828 482 2884; x_wconf 83' lang='lat' dir='ltr'>scripsi</span> <span class='ocrx_word' id='word_1_276' title='bbox 513 2842 539 2872; x_wconf 79' lang='grc' dir='ltr'><em>ο</em></span> <span class='ocrx_word' id='word_1_277' title='bbox 569 2829 670 2872; x_wconf 91' lang='lat' dir='ltr'><em>BV</em></span> <span class='ocrx_word' id='word_1_278' title='bbox 759 2832 1021 2878; x_wconf 82' lang='grc' dir='ltr'><em>τεθνεῶτας</em></span> <span class='ocrx_word' id='word_1_279' title='bbox 1057 2829 1146 2873; x_wconf 78' lang='lat' dir='ltr'><em>AG</em></span> <span class='ocrx_word' id='word_1_280' title='bbox 1180 2829 1271 2872; x_wconf 81' lang='lat' dir='ltr'><em>edd</em></span> <span class='ocrx_word' id='word_1_281' title='bbox 1359 2831 1616 2880; x_wconf 86' lang='grc' dir='ltr'><em>τεθνεῶτος</em></span> <span class='ocrx_word' id='word_1_282' title='bbox 1648 2830 1692 2872; x_wconf 91' lang='lat' dir='ltr'><strong><em>L</em></strong></span> <span class='ocrx_word' id='word_1_283' title='bbox 1732 2830 1780 2872; x_wconf 77' lang='lat' dir='ltr'><em>et</em></span> 
     </span>
     <span class='ocr_line' id='line_1_35' title="bbox 101 2884 1779 2944; baseline 0.003 -17"><span class='ocrx_word' id='word_1_284' title='bbox 101 2899 204 2928; x_wconf 85' lang='lat' dir='ltr'>corr</span> <span class='ocrx_word' id='word_1_285' title='bbox 237 2885 286 2928; x_wconf 89' lang='lat' dir='ltr'><em>in</em></span> <span class='ocrx_word' id='word_1_286' title='bbox 316 2889 550 2931; x_wconf 85' lang='grc' dir='ltr'><em>τεθνεῶτα</em></span> <span class='ocrx_word' id='word_1_287' title='bbox 581 2887 654 2931; x_wconf 80' lang='grc' dir='ltr'><em>Ρ3</em></span> <span class='ocrx_word' id='word_1_288' title='bbox 789 2892 843 2931; x_wconf 88' lang='lat'><em>19</em></span> <span class='ocrx_word' id='word_1_289' title='bbox 875 2884 983 2944; x_wconf 85' lang='grc' dir='ltr'><em>μεθ’</em></span> <span class='ocrx_word' id='word_1_290' title='bbox 1013 2887 1157 2931; x_wconf 80' lang='grc' dir='ltr'><em>αὑτοῦ</em></span> <span class='ocrx_word' id='word_1_291' title='bbox 1190 2887 1294 2932; x_wconf 87' lang='lat' dir='ltr'>coni</span> <span class='ocrx_word' id='word_1_292' title='bbox 1324 2888 1393 2931; x_wconf 82' lang='lat' dir='ltr'><em>Re</em></span> <span class='ocrx_word' id='word_1_293' title='bbox 1427 2890 1433 2942; x_wconf 93' lang='grc' dir='ltr'>Ι</span> <span class='ocrx_word' id='word_1_294' title='bbox 1472 2887 1726 2931; x_wconf 81' lang='lat' dir='ltr'><strong>secundum</strong></span> <span class='ocrx_word' id='word_1_295' title='bbox 1757 2904 1779 2932; x_wconf 89' lang='grc' dir='ltr'><em>ε</em></span> 
     </span>
     <span class='ocr_line' id='line_1_36' title="bbox 100 2942 1602 3003; baseline 0.002 -16"><span class='ocrx_word' id='word_1_296' title='bbox 100 2944 153 2987; x_wconf 83' lang='lat' dir='ltr'><em>in</em></span> <span class='ocrx_word' id='word_1_297' title='bbox 183 2942 445 2999; x_wconf 83' lang='grc' dir='ltr'><em>δεδεμένοις</em></span> <span class='ocrx_word' id='word_1_298' title='bbox 473 2945 524 2988; x_wconf 89' lang='lat' dir='ltr'><em>in</em></span> <span class='ocrx_word' id='word_1_299' title='bbox 554 2959 628 2989; x_wconf 81' lang='lat' dir='ltr'><em>ras</em></span> <span class='ocrx_word' id='word_1_300' title='bbox 660 2946 732 2990; x_wconf 76' lang='grc' dir='ltr'><em>Ρ2</em></span> <span class='ocrx_word' id='word_1_301' title='bbox 801 2945 1037 3003; x_wconf 80' lang='grc' dir='ltr'><em>δεομένοις</em></span> <span class='ocrx_word' id='word_1_302' title='bbox 1066 2947 1110 2990; x_wconf 88' lang='lat' dir='ltr'><strong><em>L</em></strong></span> <span class='ocrx_word' id='word_1_303' title='bbox 1230 2951 1286 2990; x_wconf 88' lang='lat'><em>20</em></span> <span class='ocrx_word' id='word_1_304' title='bbox 1317 2953 1525 2990; x_wconf 84' lang='grc' dir='ltr'><em>κακῶσαι</em></span> <span class='ocrx_word' id='word_1_305' title='bbox 1555 2947 1602 2990; x_wconf 90' lang='grc' dir='ltr'><strong><em>Β</em></strong></span> 
     </span>
    </p>
   </div>
  </div>
 </body>
</html>
