2026 3168
216 128 242 176 1
254 126 281 177 7
289 125 319 176 8
754 127 981 171 LIBANH
1012 128 1352 173 ORATIONES

211 267 286 332 τῷ
353 261 552 313 ’κείνου
616 259 676 313 δὲ
737 263 1056 335 βουλομένῳ
1123 261 1224 331 μὲν
1292 266 1619 333 λανθάνειν,
1690 266 1891 319 ἀδυνα-

212 357 400 402 τοῦντι
442 349 515 402 δέ.

325 455 446 506 213.
501 452 611 505 Καὶ
659 457 948 522 συμβαίνει
996 457 1064 524 δὴ
1110 461 1430 526 τελευτῆσαί
1467 479 1560 525 μοι
1598 459 1697 511 τὸν
1736 458 1892 519 ἀδελ,-

214 544 323 611 φὸν
363 542 592 610 ἐκεῖνον,
636 543 703 595 ὃν
742 543 923 613 ὥσπερ
963 544 1094 597 νέον
1131 565 1188 598 τε
1229 547 1317 598 καὶ
1358 547 1708 616 εὐδαιμονίας
1748 545 1893 599 ἐστε-

170 654 189 686 5
215 631 452 699 ρημένον
500 629 777 683 ἐπένθουν
833 633 934 684 οὐκ
986 632 1310 702 ἀνεχόμενος
1355 644 1466 688 τῶν
1512 634 1570 688 ἐκ
1619 643 1714 703 τῆς
1767 636 1890 704 περὶ

213 721 278 772 τὰ
302 722 512 788 ὄμματα
535 721 701 788 τύχης
724 722 1013 789 φερόντων
1036 723 1136 790 τὴν
1159 726 1533 791 παραμυθίαν.
1573 724 1695 776 214.
1720 725 1892 793 κακὸν

213 806 273 861 δὲ
313 808 502 877 ἕτερον
542 809 769 877 σεισμὸν
808 808 1105 877 ἐπενεγκὸν
1135 819 1199 880 τῇ
1238 810 1422 881 τέχνῃ,
1462 813 1612 880 φυγὴ
1651 809 1753 881 μὲν
1783 812 1891 865 ἀπὸ

212 906 305 966 τῆς
343 906 454 950 τῶν
491 895 769 966 Ἑλλήνων
816 906 1027 967 φωνῆς,
1075 902 1247 962 πλοῦς
1294 896 1354 952 δὲ
1402 898 1484 953 ἐπ’
1532 899 1760 963 Ἰταλίας
1808 903 1892 969 ζη-

168 1008 187 1039 9
212 987 461 1038 τούντων
522 984 636 1038 κατ’
713 985 959 1049 ἐκείνους
1029 988 1406 1056 διαλέγεσθαι·
1468 991 1596 1051 τοὺς
1657 990 1761 1058 γὰρ
1816 989 1892 1057 ’δὴ

121 1087 165 1130 R
188 1092 271 1130 134
297 1077 497 1143 λόγους
520 1084 631 1128 τῶν
656 1077 835 1143 λόγων
863 1075 1126 1143 γενέσθαι
1158 1076 1569 1146 δυνατωτέρους
1600 1079 1689 1130 καὶ
1718 1076 1722 1147 Ι
1752 1073 1895 1130 εἶναι

212 1162 323 1232 μετ’
383 1163 609 1217 ἐκείνων
660 1165 921 1233 δυνάμεις
972 1185 1029 1217 τε
1079 1164 1169 1218 καὶ
1219 1167 1510 1234 πλούτους,
1561 1165 1621 1218 ἐν
1670 1167 1731 1219 δὲ
1779 1175 1895 1228 τοῖς

211 1254 357 1320 πλὴν
403 1253 586 1305 αὐτῶν
633 1252 814 1306 οὐδέν.
886 1254 952 1306 οὐ
1004 1255 1112 1322 μὴν
1158 1253 1462 1323 ἐπειθόμην
1507 1275 1568 1322 γε
1611 1263 1730 1317 ταῖς
1767 1253 1893 1324 περὶ

211 1350 309 1395 τοῦ
349 1362 415 1411 με
455 1343 576 1395 δεῖν
615 1345 797 1395 λιπεῖν
835 1343 936 1411 τὴν
974 1341 1129 1406 τάξιν
1173 1343 1581 1413 παραινέσεσιν,
1628 1342 1745 1396 ἀλλ’
1792 1343 1894 1395 οὐκ

211 1431 455 1498 ἠγνόουν
493 1429 610 1498 μέν,
651 1424 709 1483 οἷ
749 1431 809 1483 τὸ
850 1439 1071 1501 πρᾶγμα
1110 1431 1356 1500 ἀφῖκται,
1396 1434 1610 1495 δίκαιος
1649 1429 1710 1484 δὲ
1749 1432 1894 1498 ὅμως

146 1539 188 1572 15
212 1517 407 1587 ἠξίουν
446 1515 587 1570 εἶναι
631 1519 755 1588 περὶ
802 1519 952 1586 αὐτό,
1000 1516 1131 1572 οὐδὲ
1179 1521 1285 1590 γὰρ
1332 1522 1533 1590 μητέρα
1579 1520 1894 1589 ἀτυχοῦσαν

213 1607 436 1675 ἀφεῖναι
469 1607 539 1660 ἂν
571 1610 791 1677 ἔρημον,
825 1615 988 1660 τοῦτο
1022 1604 1082 1660 δὲ
1115 1608 1216 1660 οὐκ
1249 1608 1582 1678 ἀτιμότερον.
1645 1607 1766 1660 215.
1799 1607 1890 1661 καὶ

213 1695 275 1749 ἐν
328 1696 475 1768 αὐτῷ
525 1697 593 1764 δὴ
647 1702 722 1767 τῷ
770 1704 865 1764 τῆς
917 1698 1290 1766 κακοπραγίας
1339 1698 1519 1768 χρόνῳ
1570 1697 1894 1750 διδάσκαλοι

211 1783 337 1854 παρ’
399 1785 530 1853 ἡμῖν
593 1785 884 1854 ῥητορικῆς
939 1783 1337 1855 ἐξετράφησαν,
1400 1780 1479 1838 ὧν
1539 1786 1732 1838 πολλοὶ
1793 1781 1895 1854 μὲν

214 1872 603 1943 διασπαρέντες
645 1873 911 1942 κατέσχον
949 1875 1049 1942 τὴν
1080 1872 1285 1941 Ἀσίαν,
1334 1866 1411 1936 εἷς
1458 1873 1523 1926 δέ
1564 1893 1646 1936 τις
1692 1875 1752 1927 τὸ
1799 1881 1894 1941 τῆς

147 1983 191 2014 20
214 1962 488 2032 Εὐρώπης
520 1964 708 2032 ἄκρον,
743 1961 829 2031 ἐφ’
861 1958 928 2015 οὗ
961 1964 1117 2024 πόλις
1149 1961 1374 2034 ᾤκισται
1397 1963 1500 2031 <ἡ>
1531 1962 1735 2031 μεγάλη
1766 1981 1894 2031 τρυ-

216 2060 377 2120 φῶσα
415 2057 489 2122 τῷ
526 2052 808 2122 Βοσπόρῳ.

325 2154 447 2205 216.
503 2157 608 2222 Τῆς
647 2153 696 2206 δ’
743 2150 812 2206 αὗ
859 2163 970 2207 τῶν
1016 2160 1168 2207 θεῶν
1213 2153 1531 2224 ἐπικουρίας
1567 2153 1659 2207 καὶ
1697 2154 1758 2206 τὸ
1799 2153 1892 2223 ρ”η-

214 2244 531 2310 θησόμενον
581 2241 870 2306 ἀπόδειξις.
949 2243 1148 2306 ἐξιόντι
1201 2263 1294 2308 μοι
1339 2250 1438 2295 τοῦ
1492 2243 1890 2310 βουλευτηρίου

124 2342 167 2385 R
191 2347 274 2386 135
315 2331 446 2396 μετὰ
491 2332 620 2392 τοὺς
667 2332 935 2394 εἰωθότας
988 2333 1195 2394 πόνους
1245 2330 1332 2383 ε’πὶ
1386 2338 1486 2383 τοῦ
1535 2331 1705 2383 ἵππου
1747 2327 1752 2399 Ι
1793 2337 1891 2382 τοῦ

148 2438 191 2471 25
215 2426 415 2487 μικροῦ
456 2419 742 2490 φερομένῳ
784 2421 920 2489 πρός
959 2438 1017 2471 τε
1048 2421 1148 2488 τὴν
1183 2420 1370 2488 θύραν
1402 2418 1759 2486 ἀναβεβηκότι
1792 2418 1892 2485 τὴν

214 2506 347 2559 νέαν
394 2506 606 2577 ἀπαντᾷ
654 2510 841 2575 ζεῦγος
889 2507 1064 2577 ὀρέων
1118 2509 1195 2569 εἰς
1241 2506 1592 2576 ἀναστροφὴν
1637 2523 1892 2576 περιαγο-

1504 2634 1566 2648 &d

335 2700 357 2737 1
400 2693 580 2740 ἐκείνου
610 2697 699 2740 ΑΟ
724 2696 825 2740 Mor
855 2697 923 2740 Re
1059 2701 1085 2740 5
1122 2701 1203 2751 τῆς
1233 2709 1333 2738 corr
1364 2709 1389 2739 e
1419 2702 1510 2738 τῶν
1541 2694 1613 2738 P⁸
1745 2699 1799 2738 13
1839 2710 1893 2751 με

216 2754 380 2809 scripsi
405 2756 592 2798 auctore
614 2755 682 2797 Re
705 2754 846 2797 Anim
913 2755 973 2812 μὴ
996 2755 1105 2798 libri
1129 2756 1319 2810 excepto
1340 2755 1382 2797 V
1405 2755 1455 2797 in
1479 2767 1569 2809 quo
1593 2767 1755 2797 rasura
1779 2754 1891 2796 dua-

214 2827 317 2856 rum
348 2812 623 2866 litterarnm,
656 2815 703 2856 et
734 2814 824 2856 edd
961 2819 1015 2857 15
1045 2813 1130 2869 τὴν
1161 2812 1332 2869 μητέρα
1363 2814 1408 2857 L
1543 2817 1596 2855 17
1630 2812 1707 2870 δὴ]
1741 2812 1792 2855 δὲ
1823 2812 1893 2855 Re

214 2872 355 2914 Anim
490 2876 545 2915 20
577 2871 605 2927 ἡ
644 2872 818 2915 inserui
850 2873 951 2916 coll.
984 2873 1005 2916 I
1037 2877 1136 2927 581,
1169 2876 1194 2915 8
1227 2871 1268 2914 R
1401 2876 1456 2914 25
1494 2888 1538 2915 τι
1576 2871 1626 2914 in
1663 2872 1892 2929 ἀναβεβη-

215 2929 316 2974 κότι
346 2929 396 2973 in
427 2943 501 2974 ras
534 2930 605 2974 12²
725 2936 780 2975 26
811 2930 1148 2988 περιαγομένου
1180 2932 1223 2974 L
