<?xml version="1.0" encoding="UTF-8"?>
<!DOCTYPE html PUBLIC "-//W3C//DTD XHTML 1.0 Transitional//EN"
    "http://www.w3.org/TR/xhtml1/DTD/xhtml1-transitional.dtd">
<html xmlns="http://www.w3.org/1999/xhtml" xml:lang="en" lang="en">
 <head>
  <title>
</title>
<meta http-equiv="Content-Type" content="text/html;charset=utf-8" />
  <meta name='ocr-system' content='tesseract 3.04.00' />
  <meta name='ocr-capabilities' content='ocr_page ocr_carea ocr_par ocr_line ocrx_word'/>
</head>
<body>
  <div class='ocr_page' id='page_1' title='image "./operarecensuitri01libauoft_0313.png"; bbox 0 0 2026 3168; ppageno 0'>
   <div class='ocr_carea' id='block_1_1' title="bbox 694 165 1838 218">
    <p class='ocr_par' dir='ltr' id='par_1_1' title="bbox 694 165 1838 218">
     <span class='ocr_line' id='line_1_1' title="bbox 694 165 1838 218; baseline -0.002 -6"><span class='ocrx_word' id='word_1_1' title='bbox 694 167 922 212; x_wconf 84' lang='lat' dir='ltr'>LIBANII</span> <span class='ocrx_word' id='word_1_2' title='bbox 954 165 1295 211; x_wconf 82' lang='lat' dir='ltr'><strong>ORATIONES</strong></span> <span class='ocrx_word' id='word_1_3' title='bbox 1731 166 1838 218; x_wconf 63' lang='lat'><em>297</em></span> 
     </span>
    </p>
   </div>
   <div class='ocr_carea' id='block_1_2' title="bbox 157 299 1843 465">
    <p class='ocr_par' dir='ltr' id='par_1_2' title="bbox 157 299 1843 465">
     <span class='ocr_line' id='line_1_2' title="bbox 157 299 1843 374; baseline -0.002 -16"><span class='ocrx_word' id='word_1_4' title='bbox 157 314 273 358; x_wconf 84' lang='grc' dir='ltr'><em>νῶν</em></span> <span class='ocrx_word' id='word_1_5' title='bbox 304 302 394 358; x_wconf 89' lang='grc' dir='ltr'><em>καὶ</em></span> <span class='ocrx_word' id='word_1_6' title='bbox 427 304 756 374; x_wconf 80' lang='grc' dir='ltr'><em>ἁμαρτάνων</em></span> <span class='ocrx_word' id='word_1_7' title='bbox 785 310 949 357; x_wconf 89' lang='grc' dir='ltr'><em>τοῦτο</em></span> <span class='ocrx_word' id='word_1_8' title='bbox 987 311 1148 371; x_wconf 84' lang='grc' dir='ltr'><em>ποιῶ,</em></span> <span class='ocrx_word' id='word_1_9' title='bbox 1188 301 1306 355; x_wconf 83' lang='grc' dir='ltr'><em>ἀλλ’</em></span> <span class='ocrx_word' id='word_1_10' title='bbox 1337 299 1488 371; x_wconf 81' lang='grc' dir='ltr'><em>εἴπέρ</em></span> <span class='ocrx_word' id='word_1_11' title='bbox 1527 321 1609 364; x_wconf 90' lang='grc' dir='ltr'><em>τις</em></span> <span class='ocrx_word' id='word_1_12' title='bbox 1644 301 1843 371; x_wconf 81' lang='grc' dir='ltr'><em>ἕτερος,</em></span> 
     </span>
     <span class='ocr_line' id='line_1_3' title="bbox 158 390 1840 465; baseline -0.002 -18"><span class='ocrx_word' id='word_1_13' title='bbox 158 401 300 447; x_wconf 84' lang='grc' dir='ltr'><strong><em>νοῦν</em></strong></span> <span class='ocrx_word' id='word_1_14' title='bbox 353 391 506 462; x_wconf 78' lang='grc' dir='ltr'><em>ἔχων.</em></span> <span class='ocrx_word' id='word_1_15' title='bbox 598 390 722 462; x_wconf 87' lang='grc' dir='ltr'><em>περὶ</em></span> <span class='ocrx_word' id='word_1_16' title='bbox 784 393 888 462; x_wconf 81' lang='grc' dir='ltr'><em>γὰρ</em></span> <span class='ocrx_word' id='word_1_17' title='bbox 944 392 1011 459; x_wconf 89' lang='grc' dir='ltr'><em>δὴ</em></span> <span class='ocrx_word' id='word_1_18' title='bbox 1065 392 1168 460; x_wconf 87' lang='grc' dir='ltr'><em>τὴν</em></span> <span class='ocrx_word' id='word_1_19' title='bbox 1222 392 1327 460; x_wconf 82' lang='grc' dir='ltr'><em>σὴν</em></span> <span class='ocrx_word' id='word_1_20' title='bbox 1381 391 1490 460; x_wconf 85' lang='grc' dir='ltr'><em>ὁρῶ</em></span> <span class='ocrx_word' id='word_1_21' title='bbox 1546 392 1794 459; x_wconf 82' lang='grc' dir='ltr'><em>κεφαλὴν</em></span> <span class='ocrx_word' id='word_1_22' title='bbox 1834 394 1840 465; x_wconf 76' lang='grc' dir='ltr'>Ι</span> 
     </span>
    </p>
   </div>
   <div class='ocr_carea' id='block_1_3' title="bbox 160 479 1936 551">
    <p class='ocr_par' dir='ltr' id='par_1_3' title="bbox 160 479 1936 551">
     <span class='ocr_line' id='line_1_4' title="bbox 160 479 1936 551; baseline 0.001 -16"><span class='ocrx_word' id='word_1_23' title='bbox 160 485 329 536; x_wconf 79' lang='grc' dir='ltr'><em>ἔνθεν</em></span> <span class='ocrx_word' id='word_1_24' title='bbox 359 480 450 535; x_wconf 84' lang='grc' dir='ltr'><em>καὶ</em></span> <span class='ocrx_word' id='word_1_25' title='bbox 489 480 660 535; x_wconf 79' lang='grc' dir='ltr'><em>ἔνθεν</em></span> <span class='ocrx_word' id='word_1_26' title='bbox 697 480 883 551; x_wconf 81' lang='grc' dir='ltr'><em>ἑτέρας</em></span> <span class='ocrx_word' id='word_1_27' title='bbox 915 481 1017 534; x_wconf 85' lang='grc' dir='ltr'><em>οὐκ</em></span> <span class='ocrx_word' id='word_1_28' title='bbox 1049 481 1238 548; x_wconf 79' lang='grc' dir='ltr'><strong><em>ὀλίγας</em></strong></span> <span class='ocrx_word' id='word_1_29' title='bbox 1270 488 1573 548; x_wconf 79' lang='grc' dir='ltr'><em>συγγενεῖς,</em></span> <span class='ocrx_word' id='word_1_30' title='bbox 1604 479 1755 549; x_wconf 85' lang='grc' dir='ltr'><em>ἀκρι-</em></span> <span class='ocrx_word' id='word_1_31' title='bbox 1786 493 1828 536; x_wconf 89' lang='lat' dir='ltr'>R</span> <span class='ocrx_word' id='word_1_32' title='bbox 1849 496 1936 535; x_wconf 91' lang='grc'><em>220</em></span> 
     </span>
    </p>
   </div>
   <div class='ocr_carea' id='block_1_4' title="bbox 156 567 1851 1615">
    <p class='ocr_par' dir='ltr' id='par_1_4' title="bbox 156 567 1851 1615">
     <span class='ocr_line' id='line_1_5' title="bbox 160 567 1848 640; baseline -0.001 -17"><span class='ocrx_word' id='word_1_33' title='bbox 160 572 271 640; x_wconf 82' lang='grc' dir='ltr'><em>βῶς</em></span> <span class='ocrx_word' id='word_1_34' title='bbox 320 579 630 639; x_wconf 79' lang='grc' dir='ltr'><em>συγγενεῖς,</em></span> <span class='ocrx_word' id='word_1_35' title='bbox 679 570 849 623; x_wconf 82' lang='grc' dir='ltr'><em>ταύτὰ</em></span> <span class='ocrx_word' id='word_1_36' title='bbox 900 572 1218 638; x_wconf 73' lang='grc' dir='ltr'><em>ζητοῦντας,</em></span> <span class='ocrx_word' id='word_1_37' title='bbox 1267 578 1380 622; x_wconf 84' lang='grc' dir='ltr'><em>τῶν</em></span> <span class='ocrx_word' id='word_1_38' title='bbox 1430 569 1614 622; x_wconf 85' lang='grc' dir='ltr'><em>αὐτῶν</em></span> <span class='ocrx_word' id='word_1_39' title='bbox 1652 567 1848 622; x_wconf 82' lang='grc' dir='ltr'><em>ἐπιθυ-</em></span> 
     </span>
     <span class='ocr_line' id='line_1_6' title="bbox 157 657 1849 728; baseline -0.001 -16"><span class='ocrx_word' id='word_1_40' title='bbox 157 667 423 728; x_wconf 87' lang='grc' dir='ltr'><em>μοῦντας,</em></span> <span class='ocrx_word' id='word_1_41' title='bbox 473 666 969 728; x_wconf 85' lang='grc' dir='ltr'><em>περισκοποῦντας,</em></span> <span class='ocrx_word' id='word_1_42' title='bbox 1023 657 1111 726; x_wconf 83' lang='grc' dir='ltr'><em>ἐφ’</em></span> <span class='ocrx_word' id='word_1_43' title='bbox 1157 657 1223 711; x_wconf 89' lang='grc' dir='ltr'><em>ὃν</em></span> <span class='ocrx_word' id='word_1_44' title='bbox 1277 658 1378 727; x_wconf 86' lang='grc' dir='ltr'><em>χρὴ</em></span> <span class='ocrx_word' id='word_1_45' title='bbox 1433 659 1564 720; x_wconf 87' lang='grc' dir='ltr'><em>τοὺς</em></span> <span class='ocrx_word' id='word_1_46' title='bbox 1616 657 1849 721; x_wconf 82' lang='grc' dir='ltr'><em>ὀδόντας</em></span> 
     </span>
     <span class='ocr_line' id='line_1_7' title="bbox 157 740 1849 816; baseline -0.001 -15"><span class='ocrx_word' id='word_1_47' title='bbox 157 747 418 816; x_wconf 89' lang='grc' dir='ltr'><em>ἐνεγκεῖν.</em></span> <span class='ocrx_word' id='word_1_48' title='bbox 496 750 566 801; x_wconf 90' lang='grc' dir='ltr'><em>σὺ</em></span> <span class='ocrx_word' id='word_1_49' title='bbox 615 746 663 799; x_wconf 84' lang='grc' dir='ltr'><em>δ’</em></span> <span class='ocrx_word' id='word_1_50' title='bbox 710 740 788 810; x_wconf 84' lang='grc' dir='ltr'><em>εἷς</em></span> <span class='ocrx_word' id='word_1_51' title='bbox 834 743 975 800; x_wconf 80' lang='grc' dir='ltr'><em>εἶναι</em></span> <span class='ocrx_word' id='word_1_52' title='bbox 1023 748 1205 799; x_wconf 83' lang='grc' dir='ltr'><em>δοκῶν</em></span> <span class='ocrx_word' id='word_1_53' title='bbox 1246 751 1598 810; x_wconf 81' lang='grc' dir='ltr'><em>πολλαπλοῦς</em></span> <span class='ocrx_word' id='word_1_54' title='bbox 1642 766 1725 810; x_wconf 91' lang='grc' dir='ltr'><em>τις</em></span> <span class='ocrx_word' id='word_1_55' title='bbox 1769 747 1849 799; x_wconf 77' lang='grc' dir='ltr'><em>ὢν</em></span> 
     </span>
     <span class='ocr_line' id='line_1_8' title="bbox 157 833 1849 907; baseline -0.001 -17"><span class='ocrx_word' id='word_1_56' title='bbox 157 835 367 907; x_wconf 79' lang='grc' dir='ltr'><em>ἐλέγχῃ,</em></span> <span class='ocrx_word' id='word_1_57' title='bbox 399 837 488 889; x_wconf 84' lang='grc' dir='ltr'><em>καὶ</em></span> <span class='ocrx_word' id='word_1_58' title='bbox 521 837 574 890; x_wconf 75' lang='grc' dir='ltr'><em>οἱ</em></span> <span class='ocrx_word' id='word_1_59' title='bbox 605 833 707 906; x_wconf 78' lang='grc' dir='ltr'><em>μὲν</em></span> <span class='ocrx_word' id='word_1_60' title='bbox 737 838 971 906; x_wconf 83' lang='grc' dir='ltr'><em>κήρυκες</em></span> <span class='ocrx_word' id='word_1_61' title='bbox 1000 837 1195 904; x_wconf 88' lang='grc' dir='ltr'><em>μόνου,</em></span> <span class='ocrx_word' id='word_1_62' title='bbox 1233 836 1294 888; x_wconf 91' lang='grc' dir='ltr'><em>τὸ</em></span> <span class='ocrx_word' id='word_1_63' title='bbox 1329 835 1390 888; x_wconf 84' lang='grc' dir='ltr'><em>δὲ</em></span> <span class='ocrx_word' id='word_1_64' title='bbox 1428 836 1618 905; x_wconf 79' lang='grc' dir='ltr'><em>ἄρχειν</em></span> <span class='ocrx_word' id='word_1_65' title='bbox 1655 836 1849 889; x_wconf 90' lang='grc' dir='ltr'><em>κοινὸν</em></span> 
     </span>
     <span class='ocr_line' id='line_1_9' title="bbox 156 921 1848 994; baseline -0.001 -15"><span class='ocrx_word' id='word_1_66' title='bbox 156 932 257 979; x_wconf 91' lang='grc' dir='ltr'><em>τοῦ</em></span> <span class='ocrx_word' id='word_1_67' title='bbox 309 924 520 994; x_wconf 85' lang='grc' dir='ltr'><em>γένους.</em></span> <span class='ocrx_word' id='word_1_68' title='bbox 597 925 683 978; x_wconf 84' lang='grc'><em>31.</em></span> <span class='ocrx_word' id='word_1_69' title='bbox 734 923 826 977; x_wconf 81' lang='grc' dir='ltr'><em>καὶ</em></span> <span class='ocrx_word' id='word_1_70' title='bbox 880 921 1014 978; x_wconf 75' lang='grc' dir='ltr'><em>οὐδὲ</em></span> <span class='ocrx_word' id='word_1_71' title='bbox 1064 925 1120 977; x_wconf 81' lang='grc' dir='ltr'><em>αἱ</em></span> <span class='ocrx_word' id='word_1_72' title='bbox 1170 932 1429 993; x_wconf 86' lang='grc' dir='ltr'><em>γυναῖκες</em></span> <span class='ocrx_word' id='word_1_73' title='bbox 1478 922 1579 988; x_wconf 78' lang='grc' dir='ltr'><em>ἔξω</em></span> <span class='ocrx_word' id='word_1_74' title='bbox 1618 931 1717 978; x_wconf 84' lang='grc' dir='ltr'><em>τοῦ</em></span> <span class='ocrx_word' id='word_1_75' title='bbox 1757 923 1848 977; x_wconf 85' lang='grc' dir='ltr'><em>καὶ</em></span> 
     </span>
     <span class='ocr_line' id='line_1_10' title="bbox 160 1011 1849 1083; baseline 0.001 -17"><span class='ocrx_word' id='word_1_76' title='bbox 160 1013 404 1068; x_wconf 81' lang='grc' dir='ltr'><em>ἀπειλεῖν</em></span> <span class='ocrx_word' id='word_1_77' title='bbox 441 1012 532 1067; x_wconf 85' lang='grc' dir='ltr'><em>καὶ</em></span> <span class='ocrx_word' id='word_1_78' title='bbox 571 1014 898 1083; x_wconf 64' lang='grc' dir='ltr'><em>κερδαίνειν.</em></span> <span class='ocrx_word' id='word_1_79' title='bbox 959 1011 1051 1066; x_wconf 83' lang='grc' dir='ltr'><em>καὶ</em></span> <span class='ocrx_word' id='word_1_80' title='bbox 1083 1014 1175 1066; x_wconf 79' lang='grc' dir='ltr'><em>διὰ</em></span> <span class='ocrx_word' id='word_1_81' title='bbox 1205 1015 1336 1076; x_wconf 88' lang='grc' dir='ltr'><em>τοὺς</em></span> <span class='ocrx_word' id='word_1_82' title='bbox 1373 1015 1614 1076; x_wconf 88' lang='grc' dir='ltr'><em>πολλοὺς</em></span> <span class='ocrx_word' id='word_1_83' title='bbox 1652 1014 1849 1083; x_wconf 78' lang='grc' dir='ltr'><em>ἄρχον-</em></span> 
     </span>
     <span class='ocr_line' id='line_1_11' title="bbox 161 1102 1849 1172; baseline 0 -17"><span class='ocrx_word' id='word_1_84' title='bbox 161 1122 258 1165; x_wconf 89' lang='grc' dir='ltr'><em>τας</em></span> <span class='ocrx_word' id='word_1_85' title='bbox 297 1104 349 1156; x_wconf 83' lang='grc' dir='ltr'><em>οἱ</em></span> <span class='ocrx_word' id='word_1_86' title='bbox 389 1111 506 1165; x_wconf 89' lang='grc' dir='ltr'><em>τοῖς</em></span> <span class='ocrx_word' id='word_1_87' title='bbox 542 1110 906 1172; x_wconf 79' lang='grc' dir='ltr'><em>προσαιτοῦσι</em></span> <span class='ocrx_word' id='word_1_88' title='bbox 944 1104 1215 1172; x_wconf 86' lang='grc' dir='ltr'><em>πρότερον</em></span> <span class='ocrx_word' id='word_1_89' title='bbox 1255 1102 1503 1164; x_wconf 87' lang='grc' dir='ltr'><em>διδόντες</em></span> <span class='ocrx_word' id='word_1_90' title='bbox 1540 1111 1651 1155; x_wconf 82' lang='grc' dir='ltr'><em>τῶν</em></span> <span class='ocrx_word' id='word_1_91' title='bbox 1681 1116 1849 1172; x_wconf 90' lang='grc' dir='ltr'><em>προσ-</em></span> 
     </span>
     <span class='ocr_line' id='line_1_12' title="bbox 162 1189 1850 1264; baseline 0 -20"><span class='ocrx_word' id='word_1_92' title='bbox 162 1192 469 1245; x_wconf 87' lang='grc' dir='ltr'><em>αιτούντων</em></span> <span class='ocrx_word' id='word_1_93' title='bbox 501 1190 823 1260; x_wconf 87' lang='grc' dir='ltr'><em>γεγένηνται</em></span> <span class='ocrx_word' id='word_1_94' title='bbox 861 1189 953 1244; x_wconf 86' lang='grc' dir='ltr'><em>καὶ</em></span> <span class='ocrx_word' id='word_1_95' title='bbox 992 1193 1338 1260; x_wconf 81' lang='grc' dir='ltr'><em>βοηθοῦντες</em></span> <span class='ocrx_word' id='word_1_96' title='bbox 1375 1190 1508 1254; x_wconf 89' lang='grc' dir='ltr'><em>τέως</em></span> <span class='ocrx_word' id='word_1_97' title='bbox 1538 1189 1600 1244; x_wconf 89' lang='grc' dir='ltr'><em>ἐν</em></span> <span class='ocrx_word' id='word_1_98' title='bbox 1630 1197 1705 1264; x_wconf 78' lang='grc' dir='ltr'><em>τῷ</em></span> <span class='ocrx_word' id='word_1_99' title='bbox 1739 1191 1850 1244; x_wconf 91' lang='grc' dir='ltr'><em>δεῖ-</em></span> 
     </span>
     <span class='ocr_line' id='line_1_13' title="bbox 161 1279 1851 1349; baseline -0.001 -16"><span class='ocrx_word' id='word_1_100' title='bbox 161 1286 297 1333; x_wconf 91' lang='grc' dir='ltr'><em>σθαι</em></span> <span class='ocrx_word' id='word_1_101' title='bbox 342 1290 455 1333; x_wconf 87' lang='grc' dir='ltr'><em>τῶν</em></span> <span class='ocrx_word' id='word_1_102' title='bbox 501 1282 904 1349; x_wconf 84' lang='grc' dir='ltr'><em>βοηθησόντων</em></span> <span class='ocrx_word' id='word_1_103' title='bbox 943 1281 1064 1333; x_wconf 81' lang='grc' dir='ltr'><em>εἰσί.</em></span> <span class='ocrx_word' id='word_1_104' title='bbox 1141 1279 1226 1332; x_wconf 81' lang='grc'><em>32.</em></span> <span class='ocrx_word' id='word_1_105' title='bbox 1273 1281 1422 1349; x_wconf 83' lang='grc' dir='ltr'><em>παρὰ</em></span> <span class='ocrx_word' id='word_1_106' title='bbox 1459 1280 1672 1333; x_wconf 87' lang='grc' dir='ltr'><em>τούτων</em></span> <span class='ocrx_word' id='word_1_107' title='bbox 1721 1284 1851 1342; x_wconf 80' lang='grc' dir='ltr'><em>ἴσως</em></span> 
     </span>
     <span class='ocr_line' id='line_1_14' title="bbox 160 1362 1851 1438; baseline 0 -16"><span class='ocrx_word' id='word_1_108' title='bbox 160 1368 422 1431; x_wconf 80' lang='grc' dir='ltr'><em>ἐπαίνους</em></span> <span class='ocrx_word' id='word_1_109' title='bbox 461 1367 549 1422; x_wconf 84' lang='grc' dir='ltr'><em>ἐπὶ</em></span> <span class='ocrx_word' id='word_1_110' title='bbox 587 1378 707 1431; x_wconf 89' lang='grc' dir='ltr'><em>ταῖς</em></span> <span class='ocrx_word' id='word_1_111' title='bbox 742 1369 975 1438; x_wconf 80' lang='grc' dir='ltr'><em>ὕβρεσιν</em></span> <span class='ocrx_word' id='word_1_112' title='bbox 1014 1362 1101 1431; x_wconf 82' lang='grc' dir='ltr'><em>αἷς</em></span> <span class='ocrx_word' id='word_1_113' title='bbox 1138 1368 1378 1438; x_wconf 81' lang='grc' dir='ltr'><em>ὑβρίζεις</em></span> <span class='ocrx_word' id='word_1_114' title='bbox 1417 1368 1659 1437; x_wconf 82' lang='grc' dir='ltr'><em>ἀκούεις,</em></span> <span class='ocrx_word' id='word_1_115' title='bbox 1699 1367 1851 1422; x_wconf 84' lang='grc' dir='ltr'><em>ἐλατ-</em></span> 
     </span>
     <span class='ocr_line' id='line_1_15' title="bbox 159 1455 1851 1526; baseline 0 -16"><span class='ocrx_word' id='word_1_116' title='bbox 159 1477 291 1520; x_wconf 89' lang='grc' dir='ltr'><em>τους</em></span> <span class='ocrx_word' id='word_1_117' title='bbox 330 1457 449 1526; x_wconf 87' lang='grc' dir='ltr'><em>μέν,</em></span> <span class='ocrx_word' id='word_1_118' title='bbox 489 1457 623 1511; x_wconf 83' lang='grc' dir='ltr'><em>ὅταν</em></span> <span class='ocrx_word' id='word_1_119' title='bbox 662 1459 741 1520; x_wconf 86' lang='grc' dir='ltr'><em>εἰς</em></span> <span class='ocrx_word' id='word_1_120' title='bbox 778 1459 907 1520; x_wconf 88' lang='grc' dir='ltr'><em>τοὺς</em></span> <span class='ocrx_word' id='word_1_121' title='bbox 947 1459 1172 1525; x_wconf 80' lang='grc' dir='ltr'><em>ἄλλους,</em></span> <span class='ocrx_word' id='word_1_122' title='bbox 1219 1459 1434 1524; x_wconf 83' lang='grc' dir='ltr'><em>μείζους</em></span> <span class='ocrx_word' id='word_1_123' title='bbox 1473 1455 1559 1525; x_wconf 90' lang='grc' dir='ltr'><em>δέ,</em></span> <span class='ocrx_word' id='word_1_124' title='bbox 1600 1457 1734 1510; x_wconf 84' lang='grc' dir='ltr'><em>ὅταν</em></span> <span class='ocrx_word' id='word_1_125' title='bbox 1772 1459 1851 1520; x_wconf 80' lang='grc' dir='ltr'><em>ἐἰς</em></span> 
     </span>
     <span class='ocr_line' id='line_1_16' title="bbox 160 1542 1847 1615; baseline -0.001 -16"><span class='ocrx_word' id='word_1_126' title='bbox 160 1544 275 1615; x_wconf 88' lang='grc' dir='ltr'><em>ἐμέ·</em></span> <span class='ocrx_word' id='word_1_127' title='bbox 327 1542 396 1599; x_wconf 84' lang='grc' dir='ltr'><em>εὗ</em></span> <span class='ocrx_word' id='word_1_128' title='bbox 444 1566 572 1615; x_wconf 90' lang='grc' dir='ltr'><em>γε,</em></span> <span class='ocrx_word' id='word_1_129' title='bbox 569 1543 627 1599; x_wconf 81' lang='grc' dir='ltr'><em>ὦ</em></span> <span class='ocrx_word' id='word_1_130' title='bbox 675 1543 894 1609; x_wconf 81' lang='grc' dir='ltr'><em>οὗτος·</em></span> <span class='ocrx_word' id='word_1_131' title='bbox 941 1545 1111 1599; x_wconf 85' lang='grc' dir='ltr'><em>τοῦτ’</em></span> <span class='ocrx_word' id='word_1_132' title='bbox 1157 1547 1398 1615; x_wconf 78' lang='grc' dir='ltr'><em>ἅρχων,</em></span> <span class='ocrx_word' id='word_1_133' title='bbox 1445 1545 1613 1599; x_wconf 91' lang='grc' dir='ltr'><em>τοῦτ’</em></span> <span class='ocrx_word' id='word_1_134' title='bbox 1661 1545 1847 1615; x_wconf 81' lang='grc' dir='ltr'><em>ἀνήρ,</em></span> 
     </span>
    </p>
   </div>
   <div class='ocr_carea' id='block_1_5' title="bbox 1882 679 1914 712">
    <p class='ocr_par' dir='ltr' id='par_1_5' title="bbox 1882 679 1914 712">
     <span class='ocr_line' id='line_1_17' title="bbox 1882 679 1914 712; baseline 0 0"><span class='ocrx_word' id='word_1_135' title='bbox 1882 685 1885 699; x_wconf 71' lang='lat'><strong>²</strong></span> <span class='ocrx_word' id='word_1_136' title='bbox 1894 679 1914 712; x_wconf 84' lang='lat'><strong>5</strong></span> 
     </span>
    </p>
   </div>
   <div class='ocr_carea' id='block_1_6' title="bbox 1874 1124 1920 1156">
    <p class='ocr_par' dir='ltr' id='par_1_6' title="bbox 1874 1124 1920 1156">
     <span class='ocr_line' id='line_1_18' title="bbox 1874 1124 1920 1156; baseline 0 0"><span class='ocrx_word' id='word_1_137' title='bbox 1874 1124 1920 1156; x_wconf 87' lang='lat'><em>10</em></span> 
     </span>
    </p>
   </div>
   <div class='ocr_carea' id='block_1_7' title="bbox 1874 1567 1917 1600">
    <p class='ocr_par' dir='ltr' id='par_1_7' title="bbox 1874 1567 1917 1600">
     <span class='ocr_line' id='line_1_19' title="bbox 1874 1567 1917 1600; baseline 0 0"><span class='ocrx_word' id='word_1_138' title='bbox 1874 1567 1917 1600; x_wconf 84' lang='lat'><em>15</em></span> 
     </span>
    </p>
   </div>
   <div class='ocr_carea' id='block_1_8' title="bbox 161 1632 1939 1706">
    <p class='ocr_par' dir='ltr' id='par_1_8' title="bbox 161 1632 1939 1706">
     <span class='ocr_line' id='line_1_20' title="bbox 161 1632 1939 1706; baseline 0.003 -19"><span class='ocrx_word' id='word_1_139' title='bbox 161 1633 331 1689; x_wconf 83' lang='grc' dir='ltr'><em>τοῦτ’</em></span> <span class='ocrx_word' id='word_1_140' title='bbox 363 1635 553 1698; x_wconf 81' lang='grc' dir='ltr'><em>εἰδὼς</em></span> <span class='ocrx_word' id='word_1_141' title='bbox 577 1634 789 1689; x_wconf 85' lang='grc' dir='ltr'><em>αὑτόν.</em></span> <span class='ocrx_word' id='word_1_142' title='bbox 825 1633 831 1706; x_wconf 86' lang='grc' dir='ltr'>Ι</span> <span class='ocrx_word' id='word_1_143' title='bbox 868 1632 1069 1698; x_wconf 83' lang='grc' dir='ltr'><em>οὕτως</em></span> <span class='ocrx_word' id='word_1_144' title='bbox 1100 1633 1178 1687; x_wconf 74' lang='grc' dir='ltr'><em>ἂν</em></span> <span class='ocrx_word' id='word_1_145' title='bbox 1202 1634 1424 1703; x_wconf 87' lang='grc' dir='ltr'><em>γένοιο</em></span> <span class='ocrx_word' id='word_1_146' title='bbox 1447 1634 1670 1704; x_wconf 84' lang='grc' dir='ltr'><em>μέγας,</em></span> <span class='ocrx_word' id='word_1_147' title='bbox 1704 1636 1760 1688; x_wconf 83' lang='grc' dir='ltr'><em>εἰ</em></span> <span class='ocrx_word' id='word_1_148' title='bbox 1790 1647 1832 1691; x_wconf 82' lang='grc' dir='ltr'>Β</span> <span class='ocrx_word' id='word_1_149' title='bbox 1854 1653 1939 1692; x_wconf 81' lang='grc'><em>221</em></span> 
     </span>
    </p>
   </div>
   <div class='ocr_carea' id='block_1_9' title="bbox 161 1723 1853 1971">
    <p class='ocr_par' dir='ltr' id='par_1_9' title="bbox 161 1723 1853 1971">
     <span class='ocr_line' id='line_1_21' title="bbox 161 1723 1852 1794; baseline 0.001 -18"><span class='ocrx_word' id='word_1_150' title='bbox 161 1724 235 1776; x_wconf 77' lang='grc' dir='ltr'><em>τὰ</em></span> <span class='ocrx_word' id='word_1_151' title='bbox 273 1725 465 1776; x_wconf 87' lang='grc' dir='ltr'><em>τοῦδε</em></span> <span class='ocrx_word' id='word_1_152' title='bbox 504 1723 838 1792; x_wconf 85' lang='grc' dir='ltr'><em>καθέλοις,</em></span> <span class='ocrx_word' id='word_1_153' title='bbox 879 1725 934 1777; x_wconf 82' lang='grc' dir='ltr'><em>εἰ</em></span> <span class='ocrx_word' id='word_1_154' title='bbox 972 1725 1052 1793; x_wconf 85' lang='grc' dir='ltr'><em>μὴ</em></span> <span class='ocrx_word' id='word_1_155' title='bbox 1091 1725 1493 1794; x_wconf 90' lang='grc' dir='ltr'><em>πορευθείης</em></span> <span class='ocrx_word' id='word_1_156' title='bbox 1533 1724 1613 1786; x_wconf 84' lang='grc' dir='ltr'><em>ὡς</em></span> <span class='ocrx_word' id='word_1_157' title='bbox 1653 1723 1852 1777; x_wconf 81' lang='grc' dir='ltr'><em>αὐτὸν</em></span> 
     </span>
     <span class='ocr_line' id='line_1_22' title="bbox 162 1812 1853 1882; baseline 0 -17"><span class='ocrx_word' id='word_1_158' title='bbox 162 1812 323 1881; x_wconf 79' lang='grc' dir='ltr'><em>μηδὲ</em></span> <span class='ocrx_word' id='word_1_159' title='bbox 375 1813 492 1881; x_wconf 87' lang='grc' dir='ltr'><em>τὴν</em></span> <span class='ocrx_word' id='word_1_160' title='bbox 545 1823 671 1866; x_wconf 84' lang='grc' dir='ltr'><em>τῶν</em></span> <span class='ocrx_word' id='word_1_161' title='bbox 723 1821 917 1866; x_wconf 91' lang='grc' dir='ltr'><em>τοῦτο</em></span> <span class='ocrx_word' id='word_1_162' title='bbox 972 1815 1324 1866; x_wconf 83' lang='grc' dir='ltr'><em>παθόντων</em></span> <span class='ocrx_word' id='word_1_163' title='bbox 1375 1815 1700 1882; x_wconf 89' lang='grc' dir='ltr'><em>μιμήσαιο</em></span> <span class='ocrx_word' id='word_1_164' title='bbox 1745 1833 1853 1866; x_wconf 92' lang='grc' dir='ltr'><em>τα-</em></span> 
     </span>
     <span class='ocr_line' id='line_1_23' title="bbox 163 1900 1853 1971; baseline 0 -17"><span class='ocrx_word' id='word_1_165' title='bbox 163 1903 535 1971; x_wconf 83' lang='grc' dir='ltr'><em>πεινότητα,</em></span> <span class='ocrx_word' id='word_1_166' title='bbox 592 1911 719 1954; x_wconf 85' lang='grc' dir='ltr'><em>τῶν</em></span> <span class='ocrx_word' id='word_1_167' title='bbox 769 1902 885 1970; x_wconf 81' lang='grc' dir='ltr'><em>μὲν</em></span> <span class='ocrx_word' id='word_1_168' title='bbox 937 1903 1028 1964; x_wconf 82' lang='grc' dir='ltr'><em>εἰς</em></span> <span class='ocrx_word' id='word_1_169' title='bbox 1077 1902 1192 1969; x_wconf 90' lang='grc' dir='ltr'><em>τὴν</em></span> <span class='ocrx_word' id='word_1_170' title='bbox 1247 1903 1467 1954; x_wconf 83' lang='grc' dir='ltr'><em>οἰκίαν</em></span> <span class='ocrx_word' id='word_1_171' title='bbox 1517 1900 1853 1955; x_wconf 82' lang='grc' dir='ltr'><em>ἐλθόντων</em></span> 
     </span>
    </p>
   </div>
   <div class='ocr_carea' id='block_1_10' title="bbox 164 1988 1919 2062">
    <p class='ocr_par' dir='ltr' id='par_1_10' title="bbox 164 1988 1919 2062">
     <span class='ocr_line' id='line_1_24' title="bbox 164 1988 1919 2062; baseline 0.002 -20"><span class='ocrx_word' id='word_1_172' title='bbox 164 1989 353 2062; x_wconf 80' lang='grc' dir='ltr'><em>αὐτῷ,</em></span> <span class='ocrx_word' id='word_1_173' title='bbox 400 1999 527 2043; x_wconf 83' lang='grc' dir='ltr'><em>τῶν</em></span> <span class='ocrx_word' id='word_1_174' title='bbox 574 1989 623 2043; x_wconf 83' lang='grc' dir='ltr'><em>δ’</em></span> <span class='ocrx_word' id='word_1_175' title='bbox 670 1991 762 2053; x_wconf 89' lang='grc' dir='ltr'><em>εἰς</em></span> <span class='ocrx_word' id='word_1_176' title='bbox 807 1991 875 2043; x_wconf 91' lang='grc' dir='ltr'><em>τὸ</em></span> <span class='ocrx_word' id='word_1_177' title='bbox 923 1990 1405 2044; x_wconf 87' lang='grc' dir='ltr'><em>διδασκαλεῖον.</em></span> <span class='ocrx_word' id='word_1_178' title='bbox 1483 1990 1569 2042; x_wconf 85' lang='lat'><em>33.</em></span> <span class='ocrx_word' id='word_1_179' title='bbox 1616 1988 1708 2043; x_wconf 87' lang='grc' dir='ltr'><em>καὶ</em></span> <span class='ocrx_word' id='word_1_180' title='bbox 1748 1991 1919 2060; x_wconf 63' lang='grc' dir='ltr'><em>οὐχεο</em></span> 
     </span>
    </p>
   </div>
   <div class='ocr_carea' id='block_1_11' title="bbox 163 2074 1854 2415">
    <p class='ocr_par' dir='ltr' id='par_1_11' title="bbox 163 2074 1854 2415">
     <span class='ocr_line' id='line_1_25' title="bbox 163 2074 1854 2148; baseline 0 -17"><span class='ocrx_word' id='word_1_181' title='bbox 163 2074 264 2146; x_wconf 81' lang='grc' dir='ltr'><em>ἧκέ</em></span> <span class='ocrx_word' id='word_1_182' title='bbox 310 2098 384 2147; x_wconf 89' lang='grc' dir='ltr'><em>γε.</em></span> <span class='ocrx_word' id='word_1_183' title='bbox 463 2080 552 2132; x_wconf 83' lang='grc' dir='ltr'><em>καὶ</em></span> <span class='ocrx_word' id='word_1_184' title='bbox 603 2081 768 2133; x_wconf 90' lang='grc' dir='ltr'><em>τοῦτό</em></span> <span class='ocrx_word' id='word_1_185' title='bbox 820 2078 936 2132; x_wconf 82' lang='grc' dir='ltr'><em>ἐστι</em></span> <span class='ocrx_word' id='word_1_186' title='bbox 986 2080 1047 2132; x_wconf 93' lang='grc' dir='ltr'><em>τὸ</em></span> <span class='ocrx_word' id='word_1_187' title='bbox 1100 2081 1367 2148; x_wconf 85' lang='grc' dir='ltr'><em>λαμπρόν,</em></span> <span class='ocrx_word' id='word_1_188' title='bbox 1417 2080 1522 2132; x_wconf 79' lang='grc' dir='ltr'><em>κᾶν</em></span> <span class='ocrx_word' id='word_1_189' title='bbox 1560 2099 1644 2142; x_wconf 87' lang='grc' dir='ltr'><em>τις</em></span> <span class='ocrx_word' id='word_1_190' title='bbox 1682 2079 1854 2132; x_wconf 86' lang='grc' dir='ltr'><em>αὐτὸν</em></span> 
     </span>
     <span class='ocr_line' id='line_1_26' title="bbox 167 2165 1854 2241; baseline 0 -21"><span class='ocrx_word' id='word_1_191' title='bbox 167 2169 373 2237; x_wconf 82' lang='grc' dir='ltr'><em>ἔρηται·</em></span> <span class='ocrx_word' id='word_1_192' title='bbox 416 2170 492 2220; x_wconf 90' lang='grc' dir='ltr'><em>σὺ</em></span> <span class='ocrx_word' id='word_1_193' title='bbox 534 2165 600 2221; x_wconf 75' lang='grc' dir='ltr'><em>δὲ</em></span> <span class='ocrx_word' id='word_1_194' title='bbox 641 2170 714 2237; x_wconf 85' lang='grc' dir='ltr'><em>δὴ</em></span> <span class='ocrx_word' id='word_1_195' title='bbox 755 2174 837 2241; x_wconf 78' lang='grc' dir='ltr'><em>τῷ</em></span> <span class='ocrx_word' id='word_1_196' title='bbox 869 2185 1022 2221; x_wconf 88' lang='grc' dir='ltr'><em>ποτε</em></span> <span class='ocrx_word' id='word_1_197' title='bbox 1062 2177 1188 2220; x_wconf 85' lang='grc' dir='ltr'><em>τῶν</em></span> <span class='ocrx_word' id='word_1_198' title='bbox 1226 2167 1330 2221; x_wconf 86' lang='grc' dir='ltr'><em>ἐπὶ</em></span> <span class='ocrx_word' id='word_1_199' title='bbox 1369 2175 1479 2236; x_wconf 83' lang='grc' dir='ltr'><em>τῆς</em></span> <span class='ocrx_word' id='word_1_200' title='bbox 1524 2167 1715 2237; x_wconf 83' lang='grc' dir='ltr'><em>ἀρχῆς</em></span> <span class='ocrx_word' id='word_1_201' title='bbox 1753 2181 1854 2221; x_wconf 87' lang='grc' dir='ltr'><em>σε-</em></span> 
     </span>
     <span class='ocr_line' id='line_1_27' title="bbox 166 2254 1854 2326; baseline -0.001 -17"><span class='ocrx_word' id='word_1_202' title='bbox 166 2257 380 2326; x_wconf 83' lang='grc' dir='ltr'><em>μνύνῃ</em></span> <span class='ocrx_word' id='word_1_203' title='bbox 419 2258 718 2325; x_wconf 79' lang='grc' dir='ltr'><em>μάλιστα;</em></span> <span class='ocrx_word' id='word_1_204' title='bbox 758 2255 904 2309; x_wconf 89' lang='grc' dir='ltr'><em>τοῦτ’</em></span> <span class='ocrx_word' id='word_1_205' title='bbox 944 2254 1014 2309; x_wconf 77' lang='grc' dir='ltr'><em>ἂν</em></span> <span class='ocrx_word' id='word_1_206' title='bbox 1052 2261 1198 2309; x_wconf 80' lang='grc' dir='ltr'><em>εἴποι</em></span> <span class='ocrx_word' id='word_1_207' title='bbox 1236 2257 1297 2308; x_wconf 91' lang='grc' dir='ltr'><em>τὸ</em></span> <span class='ocrx_word' id='word_1_208' title='bbox 1337 2265 1448 2309; x_wconf 87' lang='grc' dir='ltr'><em>τῶν</em></span> <span class='ocrx_word' id='word_1_209' title='bbox 1486 2258 1854 2325; x_wconf 87' lang='grc' dir='ltr'><em>τετιμηκότων</em></span> 
     </span>
     <span class='ocr_line' id='line_1_28' title="bbox 166 2344 1395 2415; baseline -0.001 -17"><span class='ocrx_word' id='word_1_210' title='bbox 166 2365 232 2413; x_wconf 91' lang='grc' dir='ltr'><em>με</em></span> <span class='ocrx_word' id='word_1_211' title='bbox 270 2345 439 2415; x_wconf 82' lang='grc' dir='ltr'><em>ταύτῃ</em></span> <span class='ocrx_word' id='word_1_212' title='bbox 478 2347 691 2414; x_wconf 83' lang='grc' dir='ltr'><em>πολλὴν</em></span> <span class='ocrx_word' id='word_1_213' title='bbox 728 2344 1130 2412; x_wconf 84' lang='grc' dir='ltr'><em>κατεγνωκέναι</em></span> <span class='ocrx_word' id='word_1_214' title='bbox 1168 2346 1395 2415; x_wconf 90' lang='grc' dir='ltr'><em>μωρίαν.</em></span> 
     </span>
    </p>
   </div>
   <div class='ocr_carea' id='block_1_12' title="bbox 167 2494 521 2500">
    <p class='ocr_par' dir='ltr' id='par_1_12' title="bbox 167 2494 521 2500">
     <span class='ocr_line' id='line_1_29' title="bbox 167 2494 521 2500; baseline 0 0"><span class='ocrx_word' id='word_1_215' title='bbox 167 2494 521 2500; x_wconf 95' lang='lat' dir='ltr'><em> </em></span> 
     </span>
    </p>
   </div>
   <div class='ocr_carea' id='block_1_13' title="bbox 292 2593 1854 2650">
    <p class='ocr_par' dir='ltr' id='par_1_13' title="bbox 292 2593 1854 2650">
     <span class='ocr_line' id='line_1_30' title="bbox 292 2593 1854 2650; baseline 0 -13"><span class='ocrx_word' id='word_1_216' title='bbox 292 2599 318 2637; x_wconf 88' lang='lat'>4</span> <span class='ocrx_word' id='word_1_217' title='bbox 335 2602 480 2639; x_wconf 85' lang='grc' dir='ltr'><em>ταῦτα</em></span> <span class='ocrx_word' id='word_1_218' title='bbox 500 2596 584 2639; x_wconf 92' lang='lat' dir='ltr'><em>Mo</em></span> <span class='ocrx_word' id='word_1_219' title='bbox 690 2598 715 2637; x_wconf 90' lang='grc'>8</span> <span class='ocrx_word' id='word_1_220' title='bbox 741 2594 820 2637; x_wconf 78' lang='grc' dir='ltr'><em>καὶ</em></span> <span class='ocrx_word' id='word_1_221' title='bbox 845 2593 1043 2637; x_wconf 74' lang='lat' dir='ltr'><strong>alterum</strong></span> <span class='ocrx_word' id='word_1_222' title='bbox 1069 2607 1140 2637; x_wconf 92' lang='lat' dir='ltr'><em>om</em></span> <span class='ocrx_word' id='word_1_223' title='bbox 1159 2594 1204 2638; x_wconf 88' lang='lat' dir='ltr'><em>B</em></span> <span class='ocrx_word' id='word_1_224' title='bbox 1313 2598 1366 2636; x_wconf 87' lang='lat'><em>13</em></span> <span class='ocrx_word' id='word_1_225' title='bbox 1393 2593 1448 2644; x_wconf 80' lang='grc' dir='ltr'><em>ἃς</em></span> <span class='ocrx_word' id='word_1_226' title='bbox 1464 2594 1545 2646; x_wconf 83' lang='lat' dir='ltr'><em>Re,</em></span> <span class='ocrx_word' id='word_1_227' title='bbox 1572 2594 1697 2650; x_wconf 86' lang='lat' dir='ltr'><strong>quod</strong></span> <span class='ocrx_word' id='word_1_228' title='bbox 1722 2607 1747 2638; x_wconf 83' lang='lat' dir='ltr'>e</span> <span class='ocrx_word' id='word_1_229' title='bbox 1763 2593 1854 2637; x_wconf 80' lang='lat' dir='ltr'><em>Par</em></span> 
     </span>
    </p>
   </div>
   <div class='ocr_carea' id='block_1_14' title="bbox 169 2668 1859 2934">
    <p class='ocr_par' dir='ltr' id='par_1_14' title="bbox 172 2668 1855 2732">
     <span class='ocr_line' id='line_1_31' title="bbox 172 2668 1855 2732; baseline 0 -7"><span class='ocrx_word' id='word_1_230' title='bbox 172 2687 287 2726; x_wconf 90' lang='lat'>1000</span> <span class='ocrx_word' id='word_1_231' title='bbox 320 2698 421 2727; x_wconf 79' lang='lat' dir='ltr'>corr</span> <span class='ocrx_word' id='word_1_232' title='bbox 451 2683 736 2727; x_wconf 75' lang='lat' dir='ltr'>Boissonade</span> <span class='ocrx_word' id='word_1_233' title='bbox 760 2683 846 2725; x_wconf 88' lang='lat' dir='ltr'><em>An.</em></span> <span class='ocrx_word' id='word_1_234' title='bbox 868 2682 932 2726; x_wconf 87' lang='lat' dir='ltr'><em>IV</em></span> <span class='ocrx_word' id='word_1_235' title='bbox 950 2687 1032 2726; x_wconf 82' lang='lat'><em>352</em></span> <span class='ocrx_word' id='word_1_236' title='bbox 1157 2687 1211 2726; x_wconf 88' lang='lat'><em>16</em></span> <span class='ocrx_word' id='word_1_237' title='bbox 1237 2683 1380 2727; x_wconf 71' lang='grc' dir='ltr'><em>αὐτὸν</em></span> <span class='ocrx_word' id='word_1_238' title='bbox 1405 2685 1439 2726; x_wconf 88' lang='lat'><em>1</em></span> <span class='ocrx_word' id='word_1_239' title='bbox 1555 2687 1607 2726; x_wconf 79' lang='lat'><em>17</em></span> <span class='ocrx_word' id='word_1_240' title='bbox 1633 2668 1855 2732; x_wconf 68' lang='grc' dir='ltr'><em>καθέλὲἐς</em></span> 
     </span>
    </p>

    <p class='ocr_par' dir='ltr' id='par_1_15' title="bbox 169 2741 1859 2858">
     <span class='ocr_line' id='line_1_32' title="bbox 169 2741 1859 2799; baseline -0.001 -14"><span class='ocrx_word' id='word_1_241' title='bbox 169 2743 244 2797; x_wconf 92' lang='grc' dir='ltr'><em>ΙΙ</em></span> <span class='ocrx_word' id='word_1_242' title='bbox 287 2742 352 2792; x_wconf 89' lang='grc' dir='ltr'><em>εἰς</em></span> <span class='ocrx_word' id='word_1_243' title='bbox 383 2744 493 2787; x_wconf 88' lang='grc' dir='ltr'><em>ΒΜ</em></span> <span class='ocrx_word' id='word_1_244' title='bbox 520 2743 652 2798; x_wconf 88' lang='lat' dir='ltr'>Bong</span> <span class='ocrx_word' id='word_1_245' title='bbox 835 2747 888 2785; x_wconf 89' lang='grc'><em>18</em></span> <span class='ocrx_word' id='word_1_246' title='bbox 936 2741 1019 2797; x_wconf 88' lang='grc' dir='ltr'><em>τὴν</em></span> <span class='ocrx_word' id='word_1_247' title='bbox 1066 2742 1114 2784; x_wconf 89' lang='lat' dir='ltr'><em>in</em></span> <span class='ocrx_word' id='word_1_248' title='bbox 1159 2755 1293 2799; x_wconf 81' lang='lat' dir='ltr'>marg</span> <span class='ocrx_word' id='word_1_249' title='bbox 1338 2755 1436 2798; x_wconf 84' lang='lat' dir='ltr'><strong>pos.</strong></span> <span class='ocrx_word' id='word_1_250' title='bbox 1484 2757 1544 2785; x_wconf 89' lang='lat' dir='ltr'><em>m.</em></span> <span class='ocrx_word' id='word_1_251' title='bbox 1587 2743 1680 2785; x_wconf 60' lang='lat' dir='ltr'><em>anss.</em></span> <span class='ocrx_word' id='word_1_252' title='bbox 1715 2741 1859 2798; x_wconf 79' lang='lat' dir='ltr'><em>(p)G</em></span> 
     </span>
     <span class='ocr_line' id='line_1_33' title="bbox 233 2800 1854 2858; baseline 0 -15"><span class='ocrx_word' id='word_1_253' title='bbox 233 2815 470 2858; x_wconf 81' lang='lat' dir='ltr'><strong>suprapos.</strong></span> <span class='ocrx_word' id='word_1_254' title='bbox 495 2817 554 2844; x_wconf 92' lang='lat' dir='ltr'><em>m.</em></span> <span class='ocrx_word' id='word_1_255' title='bbox 581 2804 676 2844; x_wconf 73' lang='lat' dir='ltr'><strong>ant.</strong></span> <span class='ocrx_word' id='word_1_256' title='bbox 695 2802 739 2844; x_wconf 83' lang='lat' dir='ltr'><strong><em>A</em></strong></span> <span class='ocrx_word' id='word_1_257' title='bbox 787 2814 862 2844; x_wconf 90' lang='lat' dir='ltr'><em>om</em></span> <span class='ocrx_word' id='word_1_258' title='bbox 888 2801 1067 2845; x_wconf 88' lang='lat' dir='ltr'><strong><em>VIBM</em></strong></span> <span class='ocrx_word' id='word_1_259' title='bbox 1078 2800 1213 2858; x_wconf 88' lang='lat' dir='ltr'>Bong</span> <span class='ocrx_word' id='word_1_260' title='bbox 1311 2806 1366 2844; x_wconf 91' lang='grc'><strong>20</strong></span> <span class='ocrx_word' id='word_1_261' title='bbox 1392 2801 1544 2845; x_wconf 80' lang='grc' dir='ltr'><em>αὐτῶν</em></span> <span class='ocrx_word' id='word_1_262' title='bbox 1569 2801 1603 2843; x_wconf 90' lang='grc' dir='ltr'><em>Ι</em></span> <span class='ocrx_word' id='word_1_263' title='bbox 1691 2805 1745 2843; x_wconf 88' lang='grc'><strong>21</strong></span> <span class='ocrx_word' id='word_1_264' title='bbox 1771 2800 1854 2843; x_wconf 75' lang='grc' dir='ltr'><em>καὶ</em></span> 
     </span>
    </p>

    <p class='ocr_par' dir='ltr' id='par_1_16' title="bbox 169 2858 1796 2934">
     <span class='ocr_line' id='line_1_34' title="bbox 169 2858 1796 2934; baseline 0 -32"><span class='ocrx_word' id='word_1_265' title='bbox 169 2865 252 2902; x_wconf 91' lang='grc' dir='ltr'><em>τοῦ</em></span> <span class='ocrx_word' id='word_1_266' title='bbox 283 2867 417 2904; x_wconf 89' lang='grc' dir='ltr'><em>τοῦτο</em></span> <span class='ocrx_word' id='word_1_267' title='bbox 441 2861 477 2903; x_wconf 90' lang='grc' dir='ltr'><em>Ι</em></span> <span class='ocrx_word' id='word_1_268' title='bbox 594 2865 650 2903; x_wconf 90' lang='grc'><strong>23</strong></span> <span class='ocrx_word' id='word_1_269' title='bbox 681 2860 752 2917; x_wconf 89' lang='grc' dir='ltr'><em>τὸ]</em></span> <span class='ocrx_word' id='word_1_270' title='bbox 786 2867 847 2903; x_wconf 88' lang='grc' dir='ltr'><em>τῶ</em></span> <span class='ocrx_word' id='word_1_271' title='bbox 879 2860 990 2904; x_wconf 88' lang='grc' dir='ltr'><em>ΒΜ</em></span> <span class='ocrx_word' id='word_1_272' title='bbox 1008 2859 1141 2934; x_wconf 90' lang='lat' dir='ltr'>Bong</span> <span class='ocrx_word' id='word_1_273' title='bbox 1167 2862 1173 2916; x_wconf 84' lang='grc' dir='ltr'>Ι</span> <span class='ocrx_word' id='word_1_274' title='bbox 1201 2858 1556 2917; x_wconf 82' lang='grc' dir='ltr'><em>κατεγνωκότων</em></span> <span class='ocrx_word' id='word_1_275' title='bbox 1582 2861 1645 2904; x_wconf 89' lang='grc' dir='ltr'><strong><em>Μ</em></strong></span> <span class='ocrx_word' id='word_1_276' title='bbox 1662 2859 1796 2914; x_wconf 89' lang='lat' dir='ltr'>Bong</span> 
     </span>
    </p>
   </div>
   <div class='ocr_carea' id='block_1_15' title="bbox 171 2916 1854 3035">
    <p class='ocr_par' dir='ltr' id='par_1_17' title="bbox 171 2916 1854 3035">
     <span class='ocr_line' id='line_1_35' title="bbox 171 2916 1854 2976; baseline 0 -15"><span class='ocrx_word' id='word_1_277' title='bbox 171 2922 228 2961; x_wconf 83' lang='grc'><strong>24</strong></span> <span class='ocrx_word' id='word_1_278' title='bbox 260 2934 337 2974; x_wconf 91' lang='grc' dir='ltr'><em>μοι</em></span> <span class='ocrx_word' id='word_1_279' title='bbox 362 2920 407 2962; x_wconf 89' lang='grc' dir='ltr'>Β</span> <span class='ocrx_word' id='word_1_280' title='bbox 435 2919 441 2976; x_wconf 86' lang='grc' dir='ltr'>Ι</span> <span class='ocrx_word' id='word_1_281' title='bbox 468 2919 641 2975; x_wconf 81' lang='grc' dir='ltr'><em>ταύτην</em></span> <span class='ocrx_word' id='word_1_282' title='bbox 668 2921 752 2963; x_wconf 89' lang='lat' dir='ltr'><em>Mo</em></span> <span class='ocrx_word' id='word_1_283' title='bbox 779 2924 785 2973; x_wconf 90' lang='grc' dir='ltr'>Ι</span> <span class='ocrx_word' id='word_1_284' title='bbox 822 2920 931 2962; x_wconf 78' lang='lat' dir='ltr'>ante</span> <span class='ocrx_word' id='word_1_285' title='bbox 962 2916 1141 2975; x_wconf 84' lang='grc' dir='ltr'><em>μωρίαν</em></span> <span class='ocrx_word' id='word_1_286' title='bbox 1173 2932 1334 2963; x_wconf 80' lang='lat' dir='ltr'>rasura</span> <span class='ocrx_word' id='word_1_287' title='bbox 1365 2919 1562 2962; x_wconf 82' lang='lat' dir='ltr'>duarum</span> <span class='ocrx_word' id='word_1_288' title='bbox 1592 2917 1854 2961; x_wconf 74' lang='lat' dir='ltr'><strong>litterarum</strong></span> 
     </span>
     <span class='ocr_line' id='line_1_36' title="bbox 171 2977 685 3035; baseline 0.004 -16"><span class='ocrx_word' id='word_1_289' title='bbox 171 2979 240 3033; x_wconf 76' lang='lat' dir='ltr'><em>(ut</em></span> <span class='ocrx_word' id='word_1_290' title='bbox 270 2977 453 3021; x_wconf 73' lang='lat' dir='ltr'><strong>videtur</strong></span> <span class='ocrx_word' id='word_1_291' title='bbox 484 2978 540 3035; x_wconf 83' lang='grc' dir='ltr'><em>εἰ)</em></span> <span class='ocrx_word' id='word_1_292' title='bbox 572 2978 620 3021; x_wconf 91' lang='lat' dir='ltr'><em>in</em></span> <span class='ocrx_word' id='word_1_293' title='bbox 651 2979 685 3021; x_wconf 94' lang='lat' dir='ltr'><strong><em>I</em></strong></span> 
     </span>
    </p>
   </div>
  </div>
 </body>
</html>
