2026 3168
655 141 885 186 LIBANII
917 141 1260 186 ORATIONES
1732 137 1801 195 99

119 277 269 332 πλέε·
322 275 550 346 ταυτηνὶ
597 274 659 330 δὲ
703 276 810 345 ἐγώ
861 291 950 330 σοι
1000 278 1307 347 παραδώσω
1361 278 1463 346 τὴν
1515 280 1802 345 βασιλείαν

119 368 333 437 αὔριον,
382 366 779 436 τετταράκοντα
827 365 1013 434 νέους,
1061 368 1128 419 τὰ
1172 375 1361 436 πρῶτα
1406 376 1518 419 τῶν
1563 368 1711 437 τῇδε·
1765 366 1799 435 ἡ

119 453 316 525 κρηπὶς
347 454 409 507 δὲ
440 455 488 507 εῑ
517 457 908 523 καταβληθείη,
939 456 1120 507 πολὺν
1150 455 1248 507 τὸν
1279 456 1450 522 ὄλβον
1481 454 1804 526 ἐπιρρέοντα

119 545 258 607 ὄψει.
326 541 416 596 καὶ
457 543 716 611 διηγεῖτο,
757 542 790 595 ἃ
820 545 1114 614 Βημαρχίῳ
1154 549 1228 615 τῷ
1262 552 1498 613 σοφιστῇ
1537 542 1806 597 τελέσειεν

118 632 151 700 ἡ
189 635 362 694 πόλις.
437 630 612 685 ἐδεῖτο
654 631 718 684 δέ
752 652 859 701 μου
897 637 1340 700 καταπολεμῆσαι
1388 631 1459 685 δι’
1497 630 1633 701 ἐμοῦ
1672 635 1803 701 βου-
1849 654 1869 687 5

119 723 347 788 λόμενος
386 720 713 790 ἀνθρώπιον
752 719 812 774 ἐκ
850 723 1094 785 Κυζίκου
1132 722 1335 791 μιαρόν
1379 740 1437 774 τε
1483 722 1573 774 καὶ
1619 721 1805 791 ἀχάρι-

121 823 270 877 στον,
322 808 394 862 δι’
433 808 648 862 ἐκείνου
686 809 788 878 μὲν
825 817 921 878 τῆς
958 811 1166 872 πόλεως
1203 811 1489 878 μετασχόν,
1543 818 1703 881 κριοῦ
1744 808 1804 863 δὲ

118 907 348 968 τροφεῖα
380 899 515 951 κατὰ
545 899 647 966 τὴν
677 901 978 968 παροιμίαν
1011 898 1240 951 ε’κτῖνον.
1308 898 1394 952 32.
1426 898 1532 966 ἐγὼ
1566 895 1628 951 δὲ
1660 899 1801 953 οὕτω

116 987 220 1056 μὲν
259 989 401 1056 ἔφην
430 989 685 1055 ποιήσειν
716 985 806 1057 καὶ
840 987 942 1040 οὐκ
974 986 1315 1056 ἀπειθήσειν,
1355 988 1548 1040 λαθὼν
1579 988 1642 1041 δὲ
1671 985 1803 1061 ᾠχό-
1847 1010 1869 1042 9

117 1096 226 1144 μην
260 1073 266 1146 Ι
300 1074 495 1128 πλέων.
550 1083 650 1128 τοῦ
683 1075 745 1128 δὲ
767 1077 1006 1144 Αἰγαίου
1038 1075 1366 1145 κινηθέντος
1394 1085 1507 1129 τῶν
1528 1096 1586 1130 τε
1610 1097 1742 1130 ναυ-
1772 1089 1814 1132 R
1834 1093 1889 1134 25

117 1174 230 1217 τῶν
268 1164 435 1217 οὐδὲν
473 1163 681 1217 εἰδέναι
727 1172 826 1217 τοῦ
872 1165 1144 1233 πελάγους
1189 1166 1466 1233 λεγόντων
1515 1166 1646 1228 στὰς
1695 1164 1800 1234 ἐγὼ

115 1254 261 1323 παρὰ
298 1254 396 1306 τὸν
433 1256 777 1323 κυβερνήτην
814 1253 920 1306 ὑπὸ
959 1261 1060 1306 τοῦ
1099 1261 1271 1307 κακοῦ
1310 1255 1617 1321 νικώμενον
1648 1255 1803 1323 εὔχο-

115 1363 210 1409 μαι
249 1345 430 1412 Νηρεῖ
466 1361 524 1395 τε
563 1343 652 1394 καὶ
691 1350 810 1404 ταῖς
847 1341 1078 1412 Νηρέως
1116 1344 1326 1413 κόραις,
1373 1342 1474 1406 νὺξ
1515 1340 1575 1395 δὲ
1613 1339 1700 1412 ἦν,
1741 1342 1802 1396 ἐν

114 1426 148 1501 ᾗ
186 1432 252 1484 τὰ
292 1431 448 1484 δεινὰ
485 1438 656 1483 ταῦτα
693 1438 890 1500 παρῆν,
930 1432 1022 1484 καὶ
1061 1431 1272 1501 ἀνίσχει
1303 1432 1457 1500 ἥλιος
1489 1432 1582 1485 διὰ
1613 1441 1802 1501 νεφῶν

114 1519 478 1590 προσβάλλων
523 1521 625 1588 τὴν
669 1520 976 1588 θάλασσαν,
1028 1528 1255 1589 σημεῖον
1300 1517 1402 1587 μὲν
1452 1519 1801 1590 άγριωτέρων
1824 1541 1866 1575 15

112 1609 456 1677 πνευμάτων,
510 1609 600 1661 καὶ
637 1609 734 1671 τὰς
770 1611 958 1678 τρίχας
995 1609 1230 1671 ἅπαντες
1276 1608 1576 1678 ἐτίλλομεν,
1622 1605 1694 1678 ἦν
1740 1610 1802 1663 δὲ

115 1698 220 1767 ἄρα
249 1717 302 1749 τι
331 1706 444 1750 τῶν
474 1698 653 1767 εὐχῶν
684 1700 865 1768 ἔργον,
898 1699 988 1750 καὶ
1018 1698 1197 1750 πάντα
1227 1699 1294 1750 τὰ
1325 1702 1607 1751 λυποῦντα
1638 1697 1801 1762 ὀξέως

115 1784 336 1839 ἐλέλυτο
385 1791 537 1839 θεῶν
586 1788 901 1840 θαλαττίων
949 1786 1306 1856 ἡμερούντων
1354 1788 1456 1855 τὴν
1504 1787 1798 1840 θάλατταν.

115 1874 201 1927 33.
258 1876 453 1927 ἔπλεον
503 1871 564 1927 δὲ
614 1874 801 1941 μένειν
850 1875 1224 1944 ὑποσχόμενος
1274 1876 1339 1928 οὐ
1386 1876 1626 1945 ψεύστης
1672 1874 1791 1929 οὐδ’

116 1963 366 2016 άπατεών
403 1982 485 2026 τις
531 1964 609 2016 ὢν
655 1963 786 2016 οὐδὲ
835 1970 910 2036 τῷ
954 1965 1405 2034 παρακρούεσθαι
1453 1967 1798 2034 τερπόμενος,
1821 1986 1865 2018 20

115 2052 253 2104 ἀλλὰ
284 2052 451 2122 ὅρκον
482 2050 748 2121 ἐμπεδῶν,
790 2050 876 2120 ἐφ’
910 2046 952 2124 ᾧ
985 2054 1086 2121 τὴν
1118 2051 1436 2122 Ἀθήνηθεν
1466 2052 1799 2123 ἑπεποιήμην

115 2140 324 2209 ἔξοδον,
372 2139 645 2194 ἐπάνοδον
691 2139 905 2210 ἔχοντα·
960 2142 1169 2194 οὔκουν
1215 2140 1392 2195 ἐδόκει
1429 2163 1523 2209 μοι
1562 2143 1799 2212 χρηστὸν

231 2305 259 2343 4
290 2316 334 2357 p.
363 2305 460 2354 103,
487 2305 535 2345 5.
562 2300 727 2344 Suidas
761 2314 794 2344 S.
826 2315 868 2345 V.
903 2300 1168 2360 Βημάρχιος
1282 2306 1306 2344 7
1338 2301 1555 2346 Menand.
1589 2301 1644 2346 fr.
1679 2316 1793 2346 com.

115 2361 198 2403 att.
230 2359 294 2404 IV
325 2365 410 2403 333
442 2375 486 2416 p.
514 2364 599 2404 304
631 2360 691 2403 Μ.
725 2360 788 2402 ΙΠ
820 2364 904 2403 905
936 2375 981 2416 p.
1008 2365 1093 2403 237
1125 2361 1179 2404 Κ.
1214 2360 1270 2404 cf
1305 2374 1375 2417 ep.
1410 2366 1495 2405 222
1529 2363 1576 2404 et
1608 2366 1693 2405 '116

234 2513 259 2551 2
293 2507 397 2563 ἤτοι
425 2509 534 2559 τοὺς
563 2509 775 2563 πρώτους
804 2515 897 2552 τῶν
927 2511 1036 2564 τῆδε
1061 2508 1104 2551 V

234 2659 256 2697 1
289 2655 432 2711 ταύτῃ
435 2673 462 2699 ν
492 2655 537 2699 L
680 2660 705 2698 2
737 2663 957 2711 ταπρῶτα
988 2656 1033 2699 Β
1188 2660 1216 2699 4
1245 2659 1310 2716 τῷ
1335 2663 1530 2715 σοφιστῇ
1564 2670 1639 2700 om
1669 2657 1714 2700 L

118 2717 171 2755 13
201 2721 304 2765 ταῖς
335 2713 374 2759 ν’
408 2713 602 2789 Νηρέως
631 2714 900 2758 MSohmidt
930 2714 1095 2759 Philol.
1128 2714 1234 2758 XVI
1267 2703 1351 2759 2¹33
1391 2718 1396 2771 Ι
1440 2714 1491 2759 δὲ
1523 2715 1687 2772 scripsi
1745 2732 1795 2760 τε

114 2771 224 2815 libri
256 2774 303 2815 et
332 2773 422 2816 edd
472 2777 478 2830 Ι
527 2768 601 2830 ἦν,
640 2774 690 2818 ἐν
722 2767 751 2833 ᾖ
781 2774 858 2832 τὰ]
898 2774 988 2830 ἤδη
1021 2769 1080 2830 ἦν
1113 2773 1144 2817 ὰ
1175 2774 1221 2817 Β
1372 2778 1425 2817 19
1457 2776 1565 2830 post
1595 2773 1794 2832 ὑποσχό-

116 2846 252 2887 μενος
282 2831 391 2874 Ferr
421 2832 471 2875 in
500 2846 675 2889 marg,
679 2834 742 2887 ,0.
777 2835 835 2878 R
868 2837 932 2893 τῷ
965 2835 1210 2887 muoxzag
1249 2833 1372 2877 unde
1403 2837 1466 2893 τῷ
1490 2836 1716 2878 Νικοκλεῖ
1743 2834 1791 2877 in

115 2891 294 2991 ίῖῑρέίίυἶη
312 2890 506 2991 {sorelli
536 2867 735 2948 irrepsit.
799 2891 865 2935 cf
898 2879 943 2948 p.
971 2897 1039 2935 68.
1133 2896 1185 2935 21
1221 2879 1497 2949 ἐμπεδώσων
1525 2892 1795 2936 MSchmidt

185 2963 202 2990 1
223 2962 248 2992 O
385 2954 471 2992 614

1469 3025 1526 3067 7*
