2026 3168
686 206 914 250 LIBANH
944 205 1286 251 ORATIONES
1720 207 1827 259 293

142 343 326 412 γόρων
362 342 700 411 μετεσχηκὼς
739 341 986 412 ἀριθμοῦ
1027 350 1287 396 συνεῖπεν
1322 340 1513 395 οὐδενὶ
1552 351 1664 396 τῶν
1693 343 1829 396 πάν-

139 450 268 499 των,
308 431 375 483 οὐ
416 429 608 499 ξένοις,
648 431 715 484 οὐ
754 432 1026 498 πολίταις,
1065 431 1165 484 οὐκ
1204 430 1490 501 ἀνδράσιν,
1532 430 1599 484 οὐ
1638 451 1829 499 γυναι-

140 518 244 588 ξίν,
283 519 386 572 οὐκ
423 519 671 588 ἀπόροις,
711 519 812 572 οὐκ
844 519 1203 589 εὐποροῦσιν·
1243 519 1310 572 οὐ
1343 521 1447 589 γὰρ
1480 518 1662 573 ἐδόκει
1700 522 1828 590 χρή-

138 623 297 677 σιμος
335 607 407 661 ἂν
446 606 722 675 γενέσθαι.
800 609 992 678 διόπερ
1033 608 1135 661 οὐκ
1175 602 1284 677 εἶχε
1323 611 1455 671 τοὺς
1493 608 1666 661 αὐτοῦ
1706 609 1829 677 δεη-

142 695 427 764 σομένους.
1869 717 1894 751 5

255 785 338 837 19.
374 780 501 854 Ἆρά
532 800 619 838 σοι
652 786 797 839 δοκῶ
832 790 1021 855 ληρεῖν
1052 784 1114 839 ἐν
1143 786 1363 849 τούτοις
1394 786 1427 855 ἢ
1458 795 1570 839 τῶν
1599 785 1830 855 ἀληθῶν

139 874 248 927 ὑπὸ
295 883 390 943 τῆς
435 875 650 943 ἡλικίας
695 873 1058 944 ἐκφέρεσθαι,
1105 873 1221 927 ἀλλ’
1269 875 1371 928 οὐκ
1414 874 1553 928 αὐτὰ
1591 875 1657 928 τὰ
1696 875 1830 928 ὄντα

141 964 233 1016 διὰ
278 964 455 1032 πάσης
501 963 782 1033 ἀκριβείας
829 962 890 1015 ἐν
926 964 1146 1026 τούτοις
1192 962 1468 1034 εἰρηκέναι
1514 964 1581 1016 τά
1625 983 1683 1016 τε
1728 970 1828 1016 τοῦ

139 1053 344 1122 πατρὸς
389 1053 455 1105 τά
499 1071 557 1104 τε
603 1053 695 1117 σάς
749 1054 928 1105 καίτοι
974 1060 1075 1105 τοῦ
1124 1071 1187 1120 γε
1224 1059 1722 1123 παραφρονοῦντος
1759 1049 1830 1121 ἦν

140 1139 298 1210 ἕτερα
336 1140 464 1194 ἀνθ’
498 1139 699 1211 ἑτέρων
738 1139 921 1210 λέγειν
956 1139 1050 1194 καὶ
1088 1139 1214 1209 μηδ’
1248 1141 1380 1194 αὐτὸ
1417 1140 1564 1194 τοῦτ’
1605 1139 1828 1210 εἰδέναι,
1853 1163 1896 1195 ιο

142 1230 227 1282 ὅτι
267 1229 398 1282 ἀνθ’
444 1229 646 1338 ἑτέρων
693 1229 863 1299 ἕτερα.
942 1231 990 1282 εἰ
1043 1229 1144 1296 μὲν
1195 1225 1298 1283 οὖν
1343 1237 1508 1283 τοῦτο
1556 1229 1830 1300 πέπονθα,

141 1317 324 1382 δεῖξον
361 1319 450 1371 καὶ
492 1318 593 1372 οὐκ
632 1318 860 1381 ἀδικεῖς
895 1320 943 1371 εῑ
983 1317 1033 1371 δ’
1072 1318 1172 1371 οὐκ
1212 1317 1282 1371 ἄν
1322 1319 1536 1388 δύναιο,
1574 1328 1688 1382 πῶς
1728 1320 1830 1373 οὐκ

139 1406 482 1476 ἠσέλγαινες;

251 1497 336 1548 20.
376 1491 511 1565 Εἶμι
552 1497 620 1564 δὴ
658 1495 750 1549 καὶ
791 1498 883 1549 διὰ
921 1506 1033 1549 τῶν
1072 1500 1301 1564 λοιπῶν,
1346 1499 1415 1549 σὺ
1456 1495 1522 1549 δέ
1555 1516 1621 1566 με
1659 1514 1831 1567 παρα-

139 1593 342 1654 τηρεῖν.
406 1584 614 1647 ἐδόκεις
645 1579 789 1638 εἷναι
821 1587 1032 1648 δίκαιος
1062 1587 1330 1657 Κυνηγίω
1363 1589 1709 1655 λειτουργεῖν
1737 1584 1830 1638 καὶ
1853 1606 1897 1640 15

139 1681 204 1744 τῇ
237 1672 447 1727 ’κείνου
497 1675 664 1746 ψήφῳ
699 1674 706 1742 Ι
739 1683 852 1727 τῶν
896 1675 1264 1743 βοηθούντων
1302 1670 1466 1743 ἦσθα.
1542 1675 1740 1744 ταύτης
1770 1687 1812 1730 R·
1828 1691 1913 1731 215

140 1770 235 1831 τῆς
303 1764 496 1831 ψήφου
557 1763 619 1815 τὸ
684 1764 903 1816 δίκαιον
964 1765 1252 1832 βοηθείαις
1321 1762 1534 1826 ἀδίκοις
1599 1766 1831 1834 ποιήσας

145 1849 380 1913 ἀσθενὲς
439 1851 529 1904 καὶ
591 1853 1005 1919 καταναγκάσας
1064 1853 1167 1920 τὴν
1226 1853 1437 1920 βουλὴν
1498 1853 1574 1915 εἰς
1630 1851 1832 1921 ἑαυτὴν

144 1938 408 2006 γενέσθαι
447 1941 621 2008 κακὴν
660 1941 844 2010 ἅρχων
881 1941 1013 2009 ἡμῖν
1044 1940 1252 2009 ἀφῖξαι,
1292 1941 1359 1993 οὐ
1398 1942 1608 2009 μισθὸν
1639 1940 1831 2011 ἀρετῆς

141 2029 243 2096 τὴν
281 2028 456 2097 ἀρχὴν
495 2030 695 2096 λαβών.
773 2029 898 2082 οὔτε
946 2030 1049 2099 γὰρ
1097 2028 1159 2082 ἐν
1204 2029 1423 2101 πολέμῳ
1472 2030 1542 2082 σύ
1588 2049 1652 2097 γε
1696 2033 1827 2099 λαμ-
1852 2052 1898 2084 20

140 2118 305 2185 πρός,
345 2117 477 2170 οὐδὲ
523 2119 626 2187 γὰρ
675 2119 1008 2187 στρατιώτης
1049 2118 1118 2170 σύ
1157 2137 1265 2186 τις,
1314 2116 1429 2171 οὔτ’
1476 2117 1538 2171 ἐν
1575 2126 1691 2181 τοῖς
1738 2119 1830 2171 διὰ

144 2207 328 2273 λόγων
367 2205 593 2274 ἀγῶσιν,
635 2206 829 2275 ὀλίγον
868 2208 971 2275 γὰρ
1013 2207 1080 2275 δὴ
1120 2215 1232 2259 τῶν
1271 2205 1333 2260 ἐν
1371 2215 1488 2269 ταῖς
1527 2208 1698 2260 εἰκόσι
1738 2207 1831 2277 ῥη-

266 2356 320 2394 15
346 2350 412 2395 Cf.
431 2351 604 2407 Hydat.
632 2352 787 2395 chron.
814 2352 884 2395 ed.
903 2351 1161 2395 Mommsen
1186 2351 1340 2395 chron.
1356 2352 1468 2395 min.
1487 2365 1605 2397 saec.
1622 2351 1830 2396 IV—VII

141 2411 174 2453 t.
202 2415 226 2452 2
259 2426 303 2466 p.
333 2415 401 2464 15,
429 2414 497 2453 18.
561 2410 769 2454 Gothofr.
802 2410 927 2455 Pros.
962 2410 1134 2455 Theod.
1167 2426 1213 2467 p.
1248 2415 1347 2455 356.

265 2547 285 2584 1
323 2550 509 2587 συνεῖπε
542 2543 592 2587 δὲ
627 2545 710 2588 Mo
861 2547 886 2586 3
920 2541 1073 2588 ἐδόκει
1103 2544 1222 2587 τισὶν
1255 2542 1390 2600 (τίσιν
1423 2546 1485 2601 Β)
1518 2542 1577 2588 ἂν
1608 2542 1830 2602 γενέσθαι

142 2600 362 2658 χρήσιμος
384 2603 495 2646 ΒΜ
514 2602 647 2659 Bong
767 2607 793 2645 4
819 2603 989 2652 αὐτοῦς
1013 2605 1097 2647 Mo
1219 2607 1242 2646 7
1270 2601 1474 2659 ἀληθίας
1495 2605 1530 2646 Ι
1643 2608 1668 2646 9
1693 2611 1828 2647 τοῦτο

143 2675 193 2715 γε
226 2662 310 2704 Mo
443 2665 498 2703 10
531 2660 686 2717 ἕτερον
719 2659 840 2705 ἀνθ’
876 2659 1032 2717 ἑτέρου
1063 2662 1131 2705 Re
1174 2663 1180 2718 Ι
1222 2663 1336 2719 μηδὲ
1369 2663 1490 2717 ΙΜΙ
1525 2669 1660 2706 τοῦτο
1691 2663 1833 2706 ΙΒΜ

144 2717 277 2774 Bong
319 2719 325 2776 Ι
366 2720 608 2775 γινώσκειν
639 2722 675 2764 Ι
830 2725 881 2763 11
917 2737 947 2762 α
992 2721 1043 2763 in
1087 2719 1308 2765 πέπονθα
1355 2721 1404 2764 in
1447 2736 1524 2766 ras
1568 2735 1622 2765 ex
1654 2737 1675 2765 ε
1705 2721 1770 2765 P³

146 2782 199 2820 12
233 2777 282 2821 δὲ
314 2779 390 2821 IB
541 2784 595 2823 13
627 2779 656 2836 ἠ
690 2779 739 2822 in
770 2777 1037 2836 ἠσέλγαινες
1073 2779 1123 2822 in
1153 2793 1228 2824 ras
1262 2779 1349 2825 Μ2
1500 2786 1555 2824 14
1587 2779 1637 2823 ὃ
1618 2780 1663 2838 η]
1698 2781 1773 2824 δεῖ
1801 2781 1829 2823 1

145 2837 196 2880 δὲ
227 2835 361 2893 Bong
482 2842 535 2881 16
568 2837 884 2896 βουλευόντων
910 2841 994 2883 Mo
1036 2839 1042 2897 Ι
1083 2838 1231 2893 ἡῖσθα
1266 2840 1304 2884 C'
1420 2844 1474 2882 17
1508 2836 1730 2895 ἐποίησας
1758 2839 1827 2882 Re

205 2899 259 2938 18
292 2912 322 2938 α
359 2896 575 2940 ultimum
613 2897 664 2940 in
702 2896 1060 2955 καταναγκάσας
1098 2897 1143 2941 in
1178 2912 1254 2942 ras
1289 2899 1354 2943 Cv
1395 2901 1401 2954 Ι
1445 2897 1613 2952 ἑαυτήν
1643 2914 1691 2942 τε
1732 2899 1776 2942 V

147 2958 200 2996 19
234 2953 472 3011 γενέσθαι]
508 2952 628 2999 εἶναι
671 2958 715 3001 U
827 2961 880 2999 21
914 2956 1002 3013 γὰρ
1036 2971 1110 3000 om
1137 2957 1180 2999 V
1298 2962 1352 3000 22
1378 2974 1403 3002 ο
1435 2958 1484 3000 in
1518 2955 1672 3014 ὀλίγον
1705 2970 1760 3000 ex
1791 2975 1825 3000 ω

146 3026 247 3056 corr
281 3014 343 3057 0¹¹
427 3011 591 3071 ὀλίγων
614 3015 748 3072 Bong
789 3016 795 3074 Ι
838 3014 982 3060 εἰκόσι
1013 3029 1069 3059 ex
1100 3015 1243 3060 εἴκοσι
1276 3030 1377 3060 corr
1410 3018 1467 3061 0⁸
