2026 3168
181 137 283 190 112
716 137 943 181 LIBANH
974 136 1316 182 ORATIONES

81 286 199 330 R42
231 282 346 326 κῶν
399 272 612 345 ἐμαυτῷ
642 270 649 343 Ι
685 274 850 341 δρᾶν,
905 274 954 325 εἰ
1007 274 1110 341 τὴν
1164 273 1307 326 οὕτω
1362 273 1730 343 στεργομένην
1783 275 1856 342 μὴ

172 362 360 415 συνὼν
393 363 824 432 γηροτροφοίην,
850 361 1011 415 ὁπότε
1043 361 1300 428 ἀκούοιμι
1332 361 1722 431 φθεγγομένου
1755 370 1854 415 τοῦ

173 453 359 520 φίλου,
385 451 586 519 δεσμὸς
615 458 779 503 τοῦτο
811 445 898 517 ἦν,
930 450 1068 503 ὥστε
1092 448 1184 503 καὶ
1209 450 1372 519 ἡνίκα
1397 450 1546 521 δεῦρ’
1578 449 1855 520 ἐπανῄειν,

172 538 260 593 ἐπὶ
284 542 478 608 μόναις
508 549 627 602 ταῖς
657 537 782 608 παρ’
823 537 1037 591 ἐκείνου
1069 545 1233 591 τοῦτο
1267 538 1558 609 ἐπράττετο
1591 539 1856 608 ἀνάγκαις

125 645 148 682 5
175 628 533 691 ἀπειλοῦντος
569 624 602 696 ἦ
642 629 752 696 μὴν
790 629 951 697 χείρω
991 646 1074 696 με,
1116 629 1164 681 εἰ
1209 629 1386 700 τούτῳ
1427 628 1746 698 ἀτιμάσαιμι
1791 631 1852 683 τὸ

171 718 403 785 δίκαιον,
442 725 671 785 νομιεῖν.

282 812 367 865 60.
416 815 649 866 Πλείοσι
687 815 884 866 τοίνυν
921 812 1013 866 καὶ
1053 816 1298 882 μείζοσιν
1338 813 1573 882 ἀγαθοῖς
1617 816 1683 868 τὰ
1723 815 1855 867 δυσ-

169 901 457 971 χερέστερα
502 902 768 971 ἠφάνιζεν
813 902 846 971 ἡ
903 903 1072 972 Τύχη,
1127 903 1218 955 καὶ
1267 902 1298 971 ἡ
1346 903 1488 971 λύπη
1543 904 1709 973 μικρὰ
1763 904 1855 956 διὰ

171 991 231 1043 τὸ
270 995 485 1059 πλῆθος
524 987 593 1059 ἦν
624 1000 736 1043 τῶν
766 992 1003 1059 ἡδονῶν,
1035 995 1246 1058 μᾶλλον
1278 991 1340 1044 δὲ
1371 989 1538 1044 οὐδὲν
1568 999 1854 1059 τοσοῦτον,

105 1093 154 1132 ιο
174 1078 382 1132 ὁπόσον
419 1078 510 1132 καὶ
550 1079 774 1133 ἀνιᾶσαι
811 1080 1106 1149 δύνασθαι,
1140 1081 1320 1149 ὥσπερ
1363 1076 1430 1133 αὗ
1463 1079 1553 1133 καὶ
1585 1089 1700 1143 τοῖς
1739 1080 1854 1151 ἀρι-

172 1168 468 1221 στεύουσιν
507 1168 540 1221 ἃ
579 1170 911 1238 πλήττονται
949 1176 1136 1237 κοῦφα
1168 1170 1260 1221 διὰ
1291 1167 1525 1237 μέγεθος
1557 1164 1635 1221 ὧν
1667 1169 1853 1238 δρῶσι.

170 1255 420 1325 λεγέσθω
461 1253 565 1310 οὖν
603 1256 695 1310 καὶ
730 1259 796 1310 τὰ
834 1259 1018 1327 χείρω·
1057 1258 1187 1327 τῇδε
1226 1258 1330 1327 γὰρ
1363 1256 1432 1310 ἂν
1462 1258 1856 1327 καθαρώτερον

171 1348 368 1414 φανείη
415 1347 481 1399 τὰ
526 1347 721 1414 βελτίω
771 1346 1144 1414 δεικνυμένων
1189 1356 1301 1399 τῶν
1346 1344 1439 1399 ὑπ’
1486 1346 1668 1399 αὐτῶν
1709 1366 1854 1399 νενι-

169 1433 433 1503 κημένων.

104 1550 145 1583 15
282 1529 367 1582 61.
400 1527 457 1582 Ὁ
495 1531 597 1599 μὲν
637 1532 703 1600 δὴ
743 1540 872 1593 παῖς
911 1532 1116 1599 ἄνηβος
1154 1529 1372 1583 ἐλπίσιν
1410 1530 1710 1600 ἀπατηθεὶς
1744 1531 1851 1584 ὑπὸ

171 1627 282 1671 τῶν
336 1619 434 1681 οὓς
487 1619 895 1673 ἀναπείθουσιν
957 1619 1408 1673 ἀποκτιννύντων
1459 1622 1853 1683 πεντακοσίους

169 1726 227 1760 τε
264 1706 356 1760 καὶ
395 1711 606 1777 χιλίους
647 1708 991 1777 ὑφελόμενος
1031 1716 1297 1777 στατῆρας
1337 1707 1532 1780 ᾤχετο,
1580 1700 1663 1771 ὡς
1691 1711 1851 1778 εἰκός,

172 1795 628 1864 ἀποθανούμενος
673 1796 969 1866 μέλλοντός
1014 1817 1107 1866 μοι
1149 1795 1405 1859 δέξεσθαι
1447 1804 1547 1850 τοῦ
1589 1799 1853 1867 ἄρχοντος

80 1897 122 1940 R
142 1901 198 1940 43
231 1887 417 1954 λόγον,
450 1884 540 1938 καὶ
565 1884 571 1956 Ι
597 1885 993 1954 ἐπεδεικνύμην
1023 1886 1349 1952 κινούμενος
1381 1887 1445 1938 τὰ
1473 1887 1712 1939 εἰωθότα
1742 1897 1853 1939 τῶν

104 1995 147 2027 20
173 1972 458 2043 ἀκροατῶν
496 1983 559 2045 τῇ
599 1978 775 2045 κλοπῇ
815 1974 1247 2044 τεταραγμένων,
1288 1975 1423 2028 ὥστε
1462 1971 1608 2028 εἷναί
1638 1995 1731 2043 μοι
1771 1976 1851 2027 δι-

171 2066 351 2115 πλοῦν
389 2064 448 2115 τὸ
488 2069 695 2132 θαῦμα,
735 2064 795 2115 τὸ
835 2064 936 2132 μὲν
975 2064 1047 2126 ὡς
1086 2063 1266 2131 λέγειν
1306 2062 1658 2135 ἐπισταμένῳ,
1697 2064 1757 2116 τὸ
1792 2064 1852 2116 δὲ

171 2151 244 2213 ὡς
281 2152 347 2203 τὰ
385 2159 612 2204 τοιαῦτα
651 2151 863 2222 φέρειν·
903 2151 995 2205 καὶ
1033 2154 1222 2221 τρίτον
1260 2171 1322 2218 γε
1362 2151 1551 2221 ἕτερον
1590 2166 1848 2220 προσεγε-

171 2241 322 2306 γόνει
363 2239 753 2309 διωθουμένου
793 2261 901 2309 μου
941 2242 1039 2293 τὸν
1076 2239 1454 2309 ἠθροισμένον
1501 2239 1560 2293 ἐκ
1605 2250 1716 2292 τῶν
1753 2242 1851 2292 πό-

292 2536 314 2574 1
349 2507 547 2587 ἐμαυτὸν
578 2533 622 2576 L
714 2538 738 2575 2
771 2531 1108 2590 γηροτροφείην
1141 2546 1252 2576 corr,
1286 2533 1336 2575 in
1366 2529 1718 2588 γηρωτροφοίην
1746 2531 1812 2574 L²
1840 2531 1844 2589 Ι

173 2586 307 2632 ὁπότ’
336 2548 404 2631 le
468 2588 568 2634 ἀλλ’
598 2591 736 2635 ὁπότε
767 2592 836 2634 Re
866 2592 1005 2635 Anim
1092 2590 1232 2635 ὁπότε
1263 2592 1313 2636 δὲ
1347 2591 1544 2644 Gasda
1652 2594 1677 2632 3
1702 2592 1848 2657 ,δεῦρο

175 2648 263 2692 ΟΡ
289 2648 391 2692 Mor
421 2649 489 2693 Re
667 2648 838 2705 ἠΕθῙῚ·
898 2644 926 2710 ᾗ
956 2651 1126 2694 MorRe
1155 2651 1160 2708 Ι
1188 2650 1247 2706 μὴ
1279 2650 1389 2693 Fen·
1416 2653 1420 2706 Ι
1447 2649 1594 2709 τούτῳ
1626 2649 1789 2705 scripsi

170 2713 305 2750 τοῦτο
337 2707 445 2751 libri
477 2710 525 2751 et
556 2654 695 2751 edd„
785 2714 808 2751 7
842 2697 1030 2754 Πλείοσι
1060 2707 1221 2753 τοίνυν
1252 2710 1296 2753 L
1333 2709 1382 2751 in
1413 2722 1546 2764 marg
1566 2695 1592 2764 Ι
1636 2707 1848 2765 δυσχερέ-

172 2779 313 2809 στατα
345 2768 391 2810 Β
421 2767 523 2810 Mor
552 2767 621 2810 Re
742 2771 767 2809 9
808 2767 917 2812 ουδὲ
950 2768 1106 2812 Gasda
1234 2772 1288 2811 10
1321 2769 1511 2811 ἀνιᾶσαι
1543 2780 1682 2822 supra
1714 2768 1848 2811 ἀνιᾶ-

172 2827 289 2868 σθαι
318 2825 409 2867 Par
446 2825 621 2882 (Gasda
652 2826 672 2868 Ι
705 2829 775 2883 16)
816 2829 863 2870 et
894 2827 999 2870 coni
1029 2827 1097 2870 Re
1187 2828 1418 2871 ἀνιᾶσθαι
1455 2825 1623 2881 reliqui
1661 2826 1771 2870 libri
1803 2827 1849 2868 et

172 2882 263 2926 edd
385 2889 438 2928 12
471 2883 672 2942 λεγέσθω
705 2911 762 2916 —-—
793 2883 928 2942 χείρω
962 2899 1036 2928 om
1068 2887 1113 2930 B
1236 2891 1289 2929 15
1315 2883 1381 2942 Ὁ]
1417 2885 1477 2936 ὡς
1508 2886 1551 2929 L
1586 2885 1591 2943 Ι
1630 2884 1712 2942 μὲν
1744 2885 1850 2942 ἐμὸς

172 2941 229 2998 δὴ
261 2942 371 2986 Fen·
400 2943 450 2986 in
480 2957 614 3001 marg
644 2943 745 2987 Mor
