2026 3168
641 140 867 185 LIBANH
898 140 1238 186 ORATIONES
1709 142 1780 195 65

211 282 315 332 405
372 297 568 330 carmen
616 280 686 339 εἰς
735 279 793 329 τὰ
842 279 896 330 ἐν
942 280 1162 339 Πυθίοις
1211 280 1373 347 θερμά
1422 280 1608 343 publici
1658 282 1781 331 iuris

99 357 290 406 factum
329 371 358 404 a
396 355 651 418 Lessingio
691 355 786 402 1.1.
827 356 1052 418 Zweyter
1089 355 1308 419 Beytrag
1345 372 1392 417 p.
1429 356 1533 404 150

211 432 316 479 408
359 429 717 493 epigrammata
756 428 1103 492 Anthologiae,
1144 445 1355 491 quorum
1391 429 1607 491 primum

401 502 457 551 αἱ
490 501 684 566 νύμφαι
723 501 808 552 τὸν
845 502 1028 567 βάκχον
1068 497 1138 551 ὅτ’
1179 500 1232 551 ἐκ
1271 501 1427 568 πυρὸς

101 572 272 645 (Anth
312 576 416 625 Pal.
456 577 527 623 IX
569 570 713 642 331),
753 576 983 624 ultimum
1024 579 1100 624 est

399 649 603 714 πληθὺν
641 647 822 714 ἠελίοιο
861 650 993 714 βοῶν
1033 643 1070 699 ὦ
1111 650 1249 714 ξεῖνε,

98 725 284 788 publici
321 725 444 773 iuris
484 725 617 772 facta
657 724 717 771 ab
766 724 936 772 eodem
974 724 1251 788 Lessingio‚
1301 725 1526 786 Zweyter
1563 725 1784 789 Beytrag

98 816 145 862 p.
181 801 284 846 421
312 799 345 846 f.

210 873 351 920 Folia
384 873 488 920 426
524 874 573 919 et
606 874 710 919 427
754 874 802 919 et
839 874 938 919 tria
977 888 1075 921 non
1114 874 1372 920 numerata
1411 887 1568 920 vacua
1607 875 1735 921 sunt.

210 946 387 994 Textui
435 961 640 1007 operum
679 945 877 993 Libanii
924 946 1121 1008 qualem
1160 945 1524 994 Laurentianus
1573 946 1782 1008 exhibet,

100 1020 231 1083 quod
269 1036 368 1068 non
407 1035 651 1082 nusquam
689 1019 921 1068 librarius
953 1035 1082 1068 nova
1112 1020 1237 1067 vitia
1268 1020 1490 1083 ingessit,
1528 1020 1661 1068 haud
1691 1022 1782 1068 mi·

100 1095 288 1155 rabere‚
322 1096 371 1141 et
399 1096 569 1142 contra
598 1108 675 1141 res
708 1109 758 1141 se
789 1093 940 1141 habet
971 1095 1120 1155 atque
1144 1093 1196 1140 in
1221 1093 1531 1142 Bibliotheca
1556 1093 1784 1143 Gudiana

98 1186 146 1231 p
182 1169 286 1216 538
327 1185 373 1214 n.
409 1169 475 1215 59
516 1167 719 1230 legitur:
759 1169 904 1216 codex
932 1170 1257 1228 perantiquus
1296 1170 1501 1228 optimae
1538 1172 1692 1217 notae.

213 1241 438 1290 Codicem
490 1256 518 1288 a
568 1240 824 1305 Lessingio
876 1257 1004 1289 anno
1060 1244 1196 1289 1771
1252 1241 1473 1303 Lipsiam
1522 1243 1725 1290 missum
1739 1237 1780 1309 l)

99 1317 311 1364 contulit
348 1314 548 1363 Reiskia
559 1307 624 1382 ²),
680 1330 808 1363 anno
853 1316 990 1363 1819
1041 1331 1066 1362 e
1115 1318 1257 1377 parte
1298 1316 1574 1364 Fridericus
1613 1316 1782 1364 Iacob-

99 1390 202 1438 sius
213 1383 272 1456 3),
309 1405 440 1446 anno
485 1390 622 1437 1875
664 1389 997 1438 Vratislaviae
1038 1405 1128 1452 ego
1169 1389 1459 1437 examinavi.

212 1462 372 1511 Codex
411 1463 496 1524 qui
535 1479 663 1511 anno
707 1464 847 1511 1710
887 1463 1236 1512 bibliothecam
1270 1463 1782 1511 Wolfenbuttelanam

97 1537 305 1585 intravit
343 1552 373 1584 a
411 1536 767 1598 Marquardo
807 1535 995 1585 Gudio
1033 1537 1085 1584 in
1124 1537 1273 1585 Italia
1313 1540 1506 1599 emptus
1547 1540 1633 1585 est.
1703 1538 1778 1586 Ac

96 1611 233 1673 prius
284 1626 313 1658 a
361 1610 676 1659 Soteriano
725 1609 989 1673 Capsali,
1044 1611 1131 1673 qui
1186 1627 1298 1659 eum
1344 1627 1374 1659 a
1418 1606 1622 1659 librario
1669 1612 1778 1673 ipso

97 1684 371 1733 Arsenio
418 1685 805 1747 Apostolide
857 1679 911 1750 (i.
955 1701 994 1732 e.
1045 1685 1300 1733 Michaelis
1345 1684 1598 1748 Apostolis
1648 1679 1775 1752 filio)

97 1758 479 1821 imprimendum
532 1759 741 1820 accepit,
796 1758 1130 1821 Hippolyto
1184 1759 1426 1807 Estensi
1481 1760 1783 1807 cardinali

100 1833 228 1880 dono
275 1832 420 1879 datus
459 1847 561 1880 esse
601 1832 808 1880 videtur.
885 1833 993 1881 Hoc
1039 1833 1169 1881 enim
1217 1832 1350 1881 cadit
1395 1832 1447 1880 in
1493 1833 1707 1881 codicem
1757 1849 1781 1880 e

101 1921 200 1968 quo
232 1905 420 1953 editio
452 1921 655 1967 operum
685 1905 1075 1954 Libanianorum
1105 1907 1385 1968 princeps
1418 1906 1576 1954 fluxit.
1638 1907 1780 1955 Hanc

101 1982 268 2027 autem
308 1995 433 2041 quae
472 1980 784 2028 Ferrariae
824 1995 952 2028 anno
997 1981 1134 2027 1517
1183 1980 1390 2042 prodiit,
1441 1981 1604 2028 codice
1642 1980 1780 2028 Wol-

99 2053 440 2101 fenbuttelano
490 2053 583 2100 niti
634 2055 683 2101 et
729 2053 1009 2101 orationum
1057 2053 1225 2102 ordine
1274 2056 1324 2101 et
1361 2054 1629 2102 lectionum
1667 2070 1780 2102 con-

100 2142 247 2175 sensu
279 2129 412 2175 certo
444 2127 622 2175 certius
653 2127 722 2175 fit.
785 2125 879 2183 Qui
912 2130 1077 2175 autem
1107 2128 1235 2175 hanc
1267 2128 1461 2176 curavit
1493 2128 1780 2177 Soterianus

103 2199 325 2262 Capsalis
365 2202 416 2247 in
455 2201 763 2262 praefatione
803 2201 982 2249 diserte
1020 2203 1236 2249 testatur
1274 2202 1488 2250 codicem
1535 2202 1596 2250 ab
1634 2202 1780 2250 Arse-

99 2275 182 2322 nio
222 2274 512 2336 Apostolide
553 2277 809 2323 exaratum
850 2274 943 2322 sibi
983 2290 1007 2322 e
1049 2274 1256 2323 Graecia
1302 2275 1354 2323 in
1392 2276 1594 2323 Italiam
1640 2277 1779 2324 navi-

101 2351 276 2411 gaturo
315 2348 694 2411 imprimendum
731 2349 991 2408 traditum,
1035 2364 1065 2396 a
1104 2364 1153 2396 se
1193 2365 1322 2411 vero,
1362 2352 1626 2412 postquam
1665 2351 1778 2397 Fer-

99 2421 281 2469 rariam
328 2423 538 2483 venerit,
583 2422 859 2485 Hippolyto
906 2422 1033 2470 dono
1081 2423 1250 2471 datum
1297 2424 1496 2485 eiusque
1543 2423 1776 2486 impensis
1845 2465 1850 2469 .
1900 2466 1910 2475 ,

221 2594 263 2648 1)
296 2591 362 2636 Cf.
388 2591 597 2636 Reiske's
621 2592 775 2636 Briefe
799 2596 946 2636 n.409
979 2607 1022 2649 p.
1043 2597 1142 2638 827.
1175 2598 1262 2637 416
1286 2609 1330 2650 p.
1354 2597 1453 2637 840.
1487 2598 1573 2637 420
1608 2609 1653 2650 p.
1679 2598 1778 2638 843.

102 2653 187 2693 422
219 2665 264 2706 p.
291 2655 390 2694 845.
423 2655 508 2694 426
540 2667 585 2708 p.
610 2656 693 2695 851
713 2666 780 2708 sq.

221 2712 263 2765 2)
297 2709 362 2753 cf.
395 2710 516 2753 hanc
547 2710 595 2753 in
628 2710 738 2754 edit.
771 2713 803 2754 t.
829 2710 850 2753 Ι
881 2726 924 2766 p.
951 2710 1111 2753 XXIV.

221 2771 264 2824 3)
295 2769 393 2812 Hoc
415 2770 615 2813 testatur
637 2769 872 2813 Iacobsius
898 2769 946 2811 in
971 2782 1053 2812 suo
1078 2769 1297 2813 editionis
1322 2769 1602 2813 Reiskianae
1627 2782 1779 2813 exem-

101 2824 224 2881 plari
255 2828 379 2881 quod
409 2841 532 2872 nunc
555 2828 605 2871 in
627 2828 913 2872 bibliotheca
938 2827 1194 2872 Bodleiana
1216 2831 1300 2882 est,
1333 2829 1394 2871 ad
1423 2829 1512 2872 vol.
1536 2828 1600 2871 IV
1630 2843 1674 2884 p.
1702 2833 1777 2872 15:

106 2884 213 2928 Coa.
250 2885 474 2940 Guelferb.
510 2902 580 2931 nr.
609 2891 668 2931 77
700 2889 960 2943 comparavi
990 2902 1065 2931 an.
1098 2891 1220 2931 1819
1250 2902 1307 2931 m.
1342 2888 1471 2943 Mafa·
1507 2902 1600 2932 non
1630 2893 1780 2932 tamen

101 2956 240 3000 usque
264 2945 325 2988 ad
346 2946 494 3001 finem,
525 2960 663 3002 quum
687 2946 900 2991 Reisloius
923 2960 1022 2990 eum
1045 2947 1156 2991 satis
1182 2946 1419 3004 diligenter
1441 2947 1779 3002 comparaverit.

191 3025 390 3058 Imus-ms
414 3027 470 3059 ed.
494 3027 732 3060 Foerster.
1488 3023 1514 3063 5
