2026 3168
644 129 872 174 LIBANII
904 128 1246 173 ORATIONES
1685 130 1786 183 127

63 248 70 255 ³
108 264 370 336 ἐκπλήξας
415 273 528 327 πῶς
573 263 644 317 ἀν
690 263 852 328 ἀξίως
898 269 1104 332 εἴποιμι
1151 267 1282 334 περί
1323 284 1380 317 τε
1425 274 1537 319 τῶν
1583 263 1671 319 ἐπὶ
1720 272 1795 338 τῷ

106 356 357 426 προλόγῳ
405 354 684 423 δακρύων,
732 352 799 406 ὃν
845 351 936 406 καὶ
990 351 1323 422 ἐκμαθόντες
1377 353 1635 423 ἀπῆλθον
1688 354 1790 406 οὐκ

108 445 303 512 ὀλίγοι,
334 443 465 511 περί
492 461 550 494 τε
581 450 676 510 τῆς
708 441 794 494 ἐπὶ
825 450 940 504 τοῖς
972 441 1251 511 δευτέροις
1281 444 1558 511 βακχείας;
1606 442 1792 504 οὐδεὶς

107 534 211 601 γὰρ
259 536 337 594 είς
382 550 443 599 γε
490 531 550 583 τὸ
590 531 774 599 πηδᾶν
815 528 907 583 καὶ
946 531 1159 583 ἅπαντα
1199 531 1340 598 δρᾶν
1378 531 1445 584 οὐ
1485 531 1665 601 γέρων
1702 527 1790 599 ἦν,

107 620 174 673 οὐ
220 621 386 689 φύσει
431 620 665 689 βραδύς,
714 620 816 672 οὐκ
863 618 1126 688 ἀσθενής,
1174 618 1314 672 ἀλλὰ
1358 621 1448 673 καὶ
1496 615 1578 683 οἷς
1626 622 1792 690 ἔργον
1837 640 1858 674 5

107 706 329 762 ἑστάναι
371 708 462 761 διὰ
501 710 674 761 νόσον
710 709 914 777 ποδῶν,
959 709 1280 777 εἱστήκεσαν
1324 709 1415 762 καὶ
1455 707 1590 778 ἐμοῦ
1629 711 1790 761 καθί-

108 800 294 862 ζοντος
333 797 534 859 αὐτοὺς
582 797 683 850 οὐκ
723 796 820 850 ἐᾶν
858 794 1075 865 ἔφασαν
1112 798 1211 850 τὸν
1249 799 1438 866 λόγον,
1478 798 1545 851 ὃν
1592 799 1659 867 δὴ
1698 796 1791 851 καὶ

107 886 466 950 διακόψαντες
520 886 776 954 δεήσεσιν
830 883 1143 954 ἐδεήθησαν
1196 885 1510 939 ἀποδοῦναί
1559 905 1626 955 με
1675 895 1792 949 τοῖς

107 972 256 1041 ἐμοῖς
293 973 536 1041 βασιλέα.
615 974 700 1026 89.
739 972 887 1026 τοῦτ’
935 969 1055 1042 οὗν,
1096 973 1198 1037 ἕως
1237 974 1487 1044 ἀπεῖπον,
1526 978 1791 1044 ποιήσαν-

107 1082 195 1126 τες
242 1058 408 1125 αὗθις
454 1061 541 1115 ἐπὶ
587 1063 684 1115 τὸν
723 1065 894 1131 λόγον
930 1061 1257 1132 μετέβαινον
1293 1063 1564 1132 μακάριον
1603 1062 1702 1133 ἐμέ
1734 1083 1791 1116 τε
1816 1085 1859 1118 10

107 1149 197 1203 καὶ
246 1159 390 1220 σφᾶς
437 1151 640 1214 αὐτοὺς
688 1150 1108 1220 ἀποφαίνοντες,
1149 1150 1242 1221 ἐμὲ
1279 1152 1380 1221 μὲν
1415 1150 1422 1223 Ι
1458 1153 1530 1215 ὡς
1567 1152 1728 1223 τέχνῃ
1760 1165 1803 1208 R
1825 1168 1882 1208 64

107 1239 364 1308 λέγοντα,
412 1248 557 1309 σφᾶς
604 1240 666 1293 δὲ
704 1240 907 1303 αὐτοὺς
946 1241 1019 1303 ὡς
1057 1240 1275 1311 ἀρεταῖς
1316 1245 1558 1294 πολιτῶν
1595 1240 1791 1310 ἡδομέ-

109 1348 268 1397 νους,
314 1332 493 1391 καλῶς
532 1327 845 1395 ἐλέγξαντες
882 1326 1025 1400 ἔργῳ
1065 1329 1299 1398 μάταιον
1337 1332 1529 1398 λόγον,
1576 1330 1651 1393 ὡς
1689 1329 1793 1382 οὐκ

107 1417 316 1486 ἀνάγκη
370 1425 486 1479 τοῖς
532 1416 785 1485 ἀλλήλων
835 1417 1071 1486 ἀγαθοῖς
1123 1423 1366 1486 φθονεῖν
1414 1421 1546 1481 τοὺς
1595 1438 1791 1472 κοινω-

107 1512 343 1568 νοῦντας
373 1506 651 1575 πατρίδος.
716 1505 782 1558 οὐ
816 1505 1190 1577 φαιδροτέραν
1216 1506 1430 1560 ἐπεῖδεν
1442 1505 1794 1577 Ἀγαμέμνων
1817 1527 1860 1561 15

107 1593 332 1664 ἡμέραν,
371 1593 432 1647 ἐν
469 1588 504 1663 ᾗ
551 1597 756 1664 Τροίαν
795 1587 956 1664 εἶλεν,
993 1595 1026 1664 ἢ
1059 1594 1163 1664 ἐγὼ
1203 1596 1425 1665 ταύτην,
1466 1595 1526 1649 ἐν
1556 1590 1591 1666 ᾗ
1620 1603 1793 1648 ταῦτα

109 1683 141 1736 ἃ
182 1683 419 1751 διῆλθον
456 1681 674 1751 ἔλαβον.
729 1684 786 1736 οἵ
821 1703 883 1752 γε
921 1685 1012 1737 καὶ
1052 1683 1139 1737 ἐπὶ
1175 1686 1413 1756 λουτρὸν
1453 1686 1592 1738 ἰόντι
1626 1699 1792 1753 συνη-

108 1772 429 1824 κολούθουν
466 1777 655 1840 θιγεῖν
693 1771 921 1835 ἕκαστος
959 1771 1366 1842 ἐπιθυμοῦντες
1396 1781 1495 1826 τοῦ
1529 1774 1791 1842 σώματος.

220 1859 306 1912 90.
338 1853 444 1912 ςΗν
482 1858 548 1912 δέ
574 1880 656 1923 τις
694 1861 824 1931 τῇδε
860 1860 1052 1925 Φοίνιξ
1084 1864 1503 1930 θαυμαζόμενος
1543 1861 1631 1914 ἐπὶ
1662 1862 1792 1932 τῇδε

109 1956 172 2018 τῇ
219 1947 405 2018 τέχνῃ,
454 1956 724 2016 σοφιστοῦ
771 1946 873 2017 μὲν
918 1951 1064 2018 υἱός,
1113 1958 1385 2019 σοφιστοῦ
1440 1950 1502 2003 δὲ
1554 1950 1789 2018 υἱιδοῦς,
1814 1971 1859 2004 20

109 2037 199 2089 καὶ
245 2037 305 2089 τὸ
353 2039 624 2106 τιμᾶσθαί
666 2056 727 2104 γε
775 2037 875 2106 οὐχ
919 2033 1086 2106 ἦττον
1132 2038 1398 2092 ἐντεῦθεν
1442 2035 1514 2107 ἦν
1557 2037 1590 2107 ἢ
1645 2039 1793 2109 παρὰ

109 2134 221 2177 τῶν
259 2126 442 2193 λόγων
481 2124 642 2197 αὐτῷ.
719 2121 880 2188 οὗτος
920 2128 1069 2197 νόμῳ
1116 2126 1218 2193 μὲν
1262 2134 1357 2194 τῆς
1396 2127 1599 2197 ὡραίας
1636 2126 1791 2195 ἐτύγ-

231 2303 285 2342 14
316 2299 422 2343 Her.
449 2299 533 2343 VH
565 2305 650 2343 237

230 2467 253 2506 2
288 2463 367 2506 καὶ
398 2477 471 2506 om
501 2463 544 2506 L
665 2467 690 2506 5
723 2458 794 2512 οἷς
824 2457 882 2519 ἦν
915 2463 1050 2520 ἔργον
1081 2463 1182 2506 Mor
1303 2468 1327 2506 6
1361 2463 1608 2519 ἑστήκεσαν
1640 2464 1732 2507 ΑΒ

113 2525 138 2564 8
162 2521 334 2577 πολλὴν
359 2520 548 2578 ὃέησινὶ)
625 2527 650 2565 9
674 2529 809 2565 τοῦτο
835 2522 881 2565 Ρ
905 2524 909 2577 l
939 2522 999 2572 ὡς
1022 2523 1228 2567 PBVet
1250 2522 1373 2566 inser
1395 2522 1505 2568 ΑΟ(
1525 2537 1598 2566 om
1623 2523 1734 2567 Fen·

115 2584 167 2622 10
199 2596 247 2623 τε
278 2580 327 2623 in
358 2579 629 2639 μετέβαινον
660 2581 710 2625 in
740 2594 816 2624 ras
851 2581 914 2626 0²
1036 2586 1089 2624 13
1123 2582 1207 2626 οὐκ
1239 2581 1316 2626 del
1346 2582 1414 2625 Re
1447 2581 1592 2626 Cobet
1621 2581 1789 2625 Mnem.

111 2638 174 2680 111
205 2643 289 2682 249
374 2642 424 2683 at
456 2639 512 2683 cf.
546 2639 663 2683 Plat.
698 2639 835 2697 Gorg.
868 2655 912 2696 p.
940 2640 1081 2683 508A
1165 2637 1249 2685 οὖν
1288 2641 1360 2684 vel
1400 2640 1458 2697 ἄρ
1462 2658 1492 2684 α
1522 2640 1793 2685 MSchmidt

111 2697 276 2741 Philol.
309 2698 350 2741 X
383 2703 466 2742 616
597 2704 651 2742 14
682 2706 778 2749 τοῖς
808 2715 856 2743 τε
887 2698 1090 2754 ἀλλήλων
1123 2701 1168 2744 Β
1282 2705 1337 2744 16
1377 2659 1466 2744 εἷλε
1496 2700 1669 2744 AGPL
1701 2700 1791 2743 edd

174 2760 227 2799 18
236 2755 415 2830 θίγειν
445 2757 555 2801 libri
587 2758 679 2801 edd
706 2761 711 2815 l
746 2759 990 2814 ἐπιθυμῶν
1023 2757 1167 2803 Cobet
1195 2758 1304 2814 1.1.,
1338 2761 1388 2802 ab
1419 2758 1475 2802 cf.
1508 2774 1552 2815 p.
1581 2763 1679 2814 139,
1707 2763 1731 2802 6

113 2819 167 2857 22
202 2810 336 2865 οὗτος
367 2843 420 2848 —-
456 2821 595 2871 128,1
631 2816 791 2862 οἴκαδε
824 2817 940 2860 citat
970 2817 1129 2861 Thom.
1154 2818 1214 2862 M.
1248 2833 1292 2874 p.
1319 2822 1420 2871 40,9
1450 2822 1476 2860 9
1501 2832 1534 2861 ει.
1561 2833 1599 2861 v
1671 2816 1788 2873 ὥρα·

112 2872 335 2931 Λιβάνιος
373 2874 422 2919 ἐν
459 2880 521 2948 τῷ
561 2876 666 2930 περὶ
703 2882 786 2932 τῆς
824 2876 990 2921 ἑαυτοῦ
1030 2876 1179 2934 τύχης,
1221 2890 1244 2920 e
1281 2890 1372 2933 quo
1404 2876 1538 2920 fluxit
1568 2875 1708 2920 schol.
1741 2876 1791 2919 in

112 2946 246 2989 marg
275 2932 376 2976 Mor
403 2936 409 2990 Ι
451 2933 573 2989 ὥρας
602 2935 704 2978 Mor
