2026 3168
160 84 193 136 8
697 83 924 128 LIBANII
955 82 1295 129 ORATIONES

159 223 323 289 φήσας
372 222 457 273 τὸν
506 221 746 287 σοφιστὴν
795 217 920 272 εἶναι
971 223 1178 287 μείζονα.
1247 221 1329 273 καὶ
1378 223 1520 274 τοῦτό
1569 223 1697 275 ἐστιν
1749 224 1841 276 οὐκ

159 296 321 365 ὀλίγος
365 297 588 362 ἔπαινος,
639 297 711 350 ότι
751 296 896 360 δόξης
934 295 1141 346 ἐλάττων
1179 294 1305 364 ἀνὴρ
1345 297 1500 363 μόνης
1539 298 1712 363 ἥττητο
1751 306 1839 364 τῆς

158 371 269 440 περὶ
306 371 421 430 τοὺς
458 369 650 437 λόγους,
689 370 780 435 τὴν
819 367 871 419 δὲ
902 367 1054 434 ἄλλην
1085 370 1293 435 δημώδη
1324 370 1406 421 καὶ
1436 372 1690 437 βάναυσον
1723 372 1837 423 ὑπε-

157 445 418 512 λάμβανεν.
498 447 579 493 16.
619 438 720 494 ἀλλ’
751 442 1019 508 ἐτελεύτησε
1058 442 1141 492 καὶ
1180 437 1323 504 οὗτος
1360 445 1430 504 εἰς
1468 454 1621 512 γῆρας
1660 445 1838 510 ἀφικό-

114 535 134 568 5
159 538 304 584 μενος
343 517 644 585 μακρότατον
682 516 764 567 καὶ
802 521 977 581 θαῦμα
1015 516 1108 567 οὐκ
1146 514 1312 584 ὀλίγον
1350 517 1604 570 ἀπολιπὼν
1642 520 1837 570 ἅπασιν.

272 596 354 642 17.
414 591 579 662 Τούτῳ
627 589 679 640 δὲ
725 589 751 641 ὁ
796 598 947 640 ταῦτα
991 591 1198 658 γράφων
1245 591 1304 642 οὐ
1351 591 1630 660 συνεγένετο
1673 592 1839 644 ἄλλοτε

158 665 316 717 ἄλλων
355 665 727 731 ἐμποδισμάτων
765 664 965 734 ἐπηρείᾳ
1002 665 1151 731 τύχης
1189 666 1495 731 συμβάντων.

159 852 307 911 σάμην
339 850 454 927 μέγα
485 851 596 897 οὐδὲ
625 858 729 903 ταῖς
759 850 839 895 διὰ
869 851 951 895 τὸν
981 849 1157 908 τρόπον
1188 868 1278 908 μου
1307 859 1461 908 τιμαῖς
1491 851 1664 909 ἠξίωσα
1695 867 1837 909 προσ-

155 916 318 958 θεῖναι
347 911 431 963 τὰς
462 909 543 956 ἀπ’
575 908 764 956 ἐκείνων
796 917 887 954 τῶν
921 926 1202 984 γραμματων
1232 910 1402 967 (Vales.
1437 912 1497 955 ad
1520 911 1836 956 Amm.Ma1·o.

155 972 241 1016 XV
274 976 368 1028 3Ρ
417 975 469 1015 71
509 969 668 1015 vertit:
715 970 955 1027 recusavit)
1050 967 1315 1023 ἐπεδείξατο
1347 971 1444 1014 AL
1527 970 1740 1016 Ceterum
1779 970 1837 1015 ef.

158 1031 335 1075 Sievers
336 987 389 1074 Pl.
414 1030 500 1087 l.p
506 1034 626 1074 ,293
652 1030 699 1073 et
722 1028 804 1072 Th
829 1028 1087 1072 Mommsen
1110 1027 1265 1072 Herm.
1291 1029 1482 1074 XXXVI
1506 1034 1591 1074 210
1683 1035 1710 1073 4
1734 1028 1834 1074 ἀλλ’

157 1090 432 1149 ἐτελεύτησε]
469 1045 730 1146 ἐτελεύτησε
769 1086 924 1144 μέντοι
963 1088 1007 1131 L
1158 1092 1183 1131 6
1229 1088 1386 1150 Τούτῳ
1419 1116 1475 1122 -
1510 1093 1533 1132 7
1566 1088 1838 1148 συμβάντων

157 1163 244 1194 om.
270 1150 315 1195 A

2024 1621 2026 1636 ..
2023 1542 2026 1555 X
2019 1339 2026 1519 .*.-—n—A.A..'
2016 1190 2026 1311 “n-2.
2022 1154 2026 1174 -.

2013 2492 2026 2664 ..ῃ-,ΛΔ
