2026 3168
675 130 854 175 LIBAN
861 130 903 174 H
935 128 1276 175 ORATIONES
1714 129 1742 181 1
1752 128 1779 181 1
1788 129 1815 180 1

141 269 332 331 οὐσίας
390 268 567 336 μόνον
627 265 923 319 ἀποσταῖεν
983 263 1053 318 ἂν
1113 265 1252 334 ὑπὲρ
1307 270 1420 318 τῶν
1477 263 1822 333 ἐπιτηδείων,

140 357 277 410 ἀλλὰ
330 354 434 409 κᾶν
483 354 844 422 ἀποθάνοιεν,
895 349 973 407 ὧν
1020 354 1087 422 δὴ
1135 351 1398 422 γενέσθαι
1442 351 1534 406 καὶ
1578 353 1676 406 τὸν
1725 360 1822 421 τῆς

144 444 370 506 Θέτιδος
419 444 564 511 υἱόν,
617 442 676 506 ὃς
726 442 950 513 ἐπρίατο
1000 449 1094 511 τῆς
1144 449 1322 511 ψυχῆς
1374 442 1475 510 τὴν
1527 438 1666 511 ὑπὲρ
1719 448 1820 494 τοῦ

142 534 469 603 Πατρόκλου
518 532 693 600 δίκην.
770 532 969 600 ταύτης
1015 528 1186 584 οὐδέν
1230 550 1284 583 τι
1330 529 1681 600 νωθροτέρας
1736 528 1822 583 ἐν-

138 627 322 675 ταῦθα
346 620 652 690 ἐκτησάμην
688 622 888 689 φιλίας.
945 619 1030 673 57.
1063 615 1142 672 ὧν
1174 621 1222 671 εἰ
1259 620 1360 687 τὴν
1384 617 1818 688 ἈρισταινέτουΙ
1869 638 1888 671 5

140 712 312 780 φαίην
349 709 687 778 ὑπερφέρειν
726 711 936 777 φιλίαν,
980 707 1184 761 οὐδένα
1222 707 1292 761 ἂν
1329 709 1625 776 νεμεσῆσαί
1666 727 1761 774 μοι
1792 719 1907 763 R41

141 800 286 852 δοκῶ
341 807 452 851 τῶν
504 796 813 867 τιθεμένων
861 796 1154 867 δευτέρων·
1210 789 1252 868 ᾧ
1292 817 1387 864 μοι
1431 795 1521 849 καὶ
1567 796 1600 865 ἡ
1647 798 1822 866 μήτηρ

139 888 230 942 καὶ
277 888 328 940 εἴ
371 907 444 959 τῳ
492 889 638 959 ἄλλῳ
694 887 876 955 λύπην
922 885 1214 939 ἐνεποίουν
1259 884 1440 953 ἀπών,
1488 887 1709 948 εἰκότως
1755 883 1825 937 ἂν

140 975 377 1045 ἐγκαλοῖ.
454 974 661 1038 ἐκεῖνος
708 977 813 1045 γὰρ
863 975 930 1043 δὴ
977 975 1068 1028 καὶ
1120 975 1187 1027 τὰ
1224 982 1325 1028 τοῦ
1359 972 1568 1027 ’κείνου
1611 976 1822 1043 τρόπου

145 1066 405 1134 φάρμακα
471 1074 583 1117 τῶν
658 1063 908 1133 γλυκέων
975 1064 1188 1117 τούτων
1256 1062 1432 1132 ἐφάνη
1501 1063 1824 1131 γλυκύτερα.
1849 1084 1891 1116 10

246 1153 333 1207 58.
365 1155 562 1206 Καίτοι
585 1154 668 1215 τίς
694 1154 1012 1222 φιλομήτωρ
1038 1156 1250 1221 μᾶλλον
1274 1151 1430 1221 ἐμοῦ,
1462 1153 1731 1223 τεκμηρίῳ
1764 1151 1825 1205 δὲ

141 1243 356 1314 μεγάλῳ
395 1249 559 1295 τοῦτο
599 1241 1039 1294 ἀποδεικνύσθω.
1101 1249 1207 1310 γῆν
1237 1237 1413 1294 οὖσάν
1442 1261 1537 1309 μοι
1565 1238 1826 1312 πατρῴαν

143 1330 402 1399 ἀπέδοτο,
458 1330 486 1384 ὁ
543 1330 604 1383 δὲ
658 1329 965 1398 ἐωνημένος
1018 1327 1100 1383 ἐπ’
1165 1328 1395 1392 Ἰταλίας
1450 1331 1826 1399 πορευόμενος

143 1420 351 1487 δείσας,
397 1420 470 1488 μὴ
517 1418 896 1489 παρακαλέσας
941 1418 1177 1488 ὕστερον
1225 1419 1326 1487 τὴν
1364 1420 1677 1487 συμμαχίαν
1714 1426 1826 1470 τῶν

141 1510 329 1577 νόμων
366 1507 399 1577 ἢ
441 1509 611 1577 ζώσης
648 1515 744 1576 τῆς
781 1508 985 1576 μητρὸς
1021 1506 1054 1575 ἢ
1093 1506 1382 1576 οἰχομένης
1420 1506 1823 1576 ἐπιστρατεύσω
1850 1527 1892 1561 15

141 1605 205 1667 τῇ
230 1597 444 1665 πράσει,
467 1597 624 1651 λύειν
647 1598 751 1666 ἤδη
785 1597 991 1665 ταύτην
1020 1595 1053 1664 ἢ
1079 1599 1344 1664 βεβαιοῦν
1375 1594 1566 1649 ἐδεῖτο.
1612 1596 1827 1666 ἠρόμην

143 1681 264 1754 οὖν,
304 1687 352 1738 εἰ
390 1683 481 1738 καὶ
521 1685 683 1748 αὐτὸς
723 1684 785 1739 ἐν
821 1693 938 1748 τοῖς
975 1683 1345 1754 πεπραμένοις
1392 1689 1528 1753 εἴην,
1576 1684 1648 1747 ὡς
1695 1684 1827 1737 οὐδὲ

142 1775 319 1847 τούτῳ
358 1774 720 1843 μαχούμενος·
766 1774 855 1827 καὶ
897 1774 957 1837 ὃς
1003 1774 1063 1827 τὸ
1102 1775 1326 1842 βιβλίον
1367 1774 1710 1845 προῦτεινεν,
1754 1773 1829 1835 ὡς

143 1862 450 1932 προσλάβοι
495 1861 726 1931 ταυτησὶ
770 1871 866 1932 τῆς
916 1863 1095 1932 χειρὸς
1145 1862 1455 1932 γράμματα,
1509 1860 1600 1915 καὶ
1645 1862 1678 1931 ἡ
1725 1861 1827 1931 μὲν

144 1953 409 2020 ἔγραφεν,
457 1951 486 2005 ὁ
527 1951 588 2005 δὲ
627 1944 710 2014 οἷς
747 1950 893 2020 ἐώρα
931 1952 1219 2020 διηπίστει.
1294 1950 1382 2003 59.
1430 1951 1586 2004 δεινὰ
1625 1951 1692 2020 δὴ
1733 1951 1826 2003 δο-
1851 1972 1894 2005 20

264 2160 288 2199 2
320 2155 372 2199 11.
406 2169 432 2198 σ
456 2158 511 2198 90
533 2168 598 2211 sq.

263 2351 288 2390 2
323 2346 676 2392 ἐπαποθάνοιεν
708 2346 977 2390 MSohmidt
1006 2346 1172 2391 Philol.
1206 2347 1247 2390 X
1279 2352 1364 2391 614
1392 2347 1398 2405 Ι
1436 2350 1511 2392 δεῖ
1539 2348 1583 2392 L
1696 2351 1723 2389 4
1754 2363 1827 2390 τοι

144 2406 188 2449 L
215 2407 222 2464 Ι
257 2405 558 2462 νωθροτέραν
578 2407 621 2451 V
729 2411 754 2449 5
789 2404 1006 2462 ‹ptMoevV
1120 2411 1142 2449 ‘1
1175 2399 1210 2463 ᾧ
1234 2423 1310 2463 μοι
1334 2406 1465 2450 uncis
1490 2406 1682 2450 inclusit
1706 2405 1827 2449 eius-

145 2479 234 2521 que
265 2464 367 2509 loco
401 2464 608 2509 scholion
641 2466 765 2521 quod
797 2467 868 2508 est
898 2465 947 2508 in
979 2466 1025 2508 B
1057 2466 1104 2508 et
1134 2465 1244 2509 Fen·
1274 2465 1323 2509 in
1354 2479 1487 2523 marg
1517 2469 1579 2523 τῷ
1610 2463 1843 2521 hemma--

146 2522 259 2584 νέτῳ
290 2522 351 2568 ἂν
382 2523 643 2569 αἰτιάσαιτό
673 2541 743 2576 τις
774 2522 988 2578 δικαίως,
1020 2522 1156 2581 φησί,
1187 2531 1269 2570 τοῦ
1301 2525 1492 2569 ἀπεῖναι
1524 2524 1599 2581 ἐμὲ
1631 2524 1712 2568 καὶ
1742 2541 1827 2581 μη-

143 2599 169 2626 τ
201 2583 251 2633 ὸς
288 2584 369 2627 καὶ
405 2591 498 2627 τῶν
536 2582 823 2640 ἐπιτηδείων.
877 2583 907 2639 ἡ
941 2581 1121 2628 ἐκείνου
1152 2583 1263 2640 γάρ,
1303 2598 1439 2640 φησι,
1482 2582 1615 2640 φιλία
1652 2583 1827 2627 τούτων

147 2655 263 2685 ουσα
302 2641 572 2699 ἰσχυροτέρα
610 2641 763 2700 λήθην
801 2640 992 2688 ἐκείνων
1031 2641 1217 2710 ἐνέβαλε
1246 2649 1301 2700 τῇ
1334 2643 1417 2700 ἐμῇ
1447 2649 1597 2700 ψυχῇ,
1635 2643 1690 2685 ut
1726 2642 1828 2698 ipse

148 2700 228 2754 ait,
260 2714 286 2744 e
317 2701 476 2745 codice
506 2702 715 2745 Romano
746 2702 796 2744 in
827 2703 958 2745 textu
988 2703 1147 2757 posult
1175 2702 1290 2757 Mor,
1323 2701 1599 2758 expulerunt
1613 2701 1828 2745 Valesius

148 2759 209 2802 ad
238 2758 468 2804 Ammian.
502 2761 642 2804 Marc.
675 2760 803 2805 XVII
832 2766 870 2814 7,
897 2766 922 2804 6
956 2762 1004 2804 et
1025 2761 1094 2804 Re
1155 2754 1203 2820 ᾧ]
1238 2758 1324 2805 &V
1436 2766 1462 2805 8
1495 2758 1694 2805 ἐνεποίει
1723 2761 1769 2805 L

151 2822 203 2861 13
235 2818 380 2875 μήτηρ
412 2821 520 2863 ante
552 2819 753 2865 ἀπέδοτο
783 2820 895 2863 Ferr
924 2820 974 2863 in
997 2832 1150 2877 marg,
1182 2820 1314 2863 uncis
1345 2819 1536 2864 inclusit
1565 2820 1685 2873 Mor,
1717 2818 1828 2862 reti-

147 2876 350 2920 nendum
395 2878 575 2923 censuit
611 2879 680 2922 Re
721 2880 728 2937 Ι
773 2876 971 2923 Ἰταλίαν
1006 2879 1088 2923 VL
1224 2883 1277 2923 17
1316 2876 1659 2936 πεπραγμένοις
1695 2879 1738 2922 L

150 2939 203 2979 19
234 2935 470 2995 προσλάβῃ
496 2938 540 2981 V
565 2937 646 2980 sed
679 2954 722 2981 οι
755 2951 896 2994 supra
924 2954 954 2993 η
984 2951 1010 2981 r
1152 2941 1208 2981 20
1233 2939 1367 2983 δεινὰ
1398 2937 1449 2982 δὲ
1482 2937 1540 2994 δὴ
1575 2939 1620 2982 L
