2026 3168
694 116 922 161 ΗΒΑΝΠ
953 116 1293 162 ORATIONES
1734 118 1838 170 179
1910 150 1913 154 ,

157 253 356 324 μένων,
395 251 486 306 καὶ
519 253 667 323 ὁρῶν
704 254 765 306 τὸ
808 256 996 321 ζεῦγος
1035 252 1270 314 ὁ“ἴππος
1308 250 1484 306 ἔδεισε
1531 254 1728 323 μικρὸν
1772 254 1840 322 δὴ

155 342 415 412 γενέσθαι
470 344 627 410 σφίσι
681 351 792 394 τῶν
845 342 1157 410 προσώπων
1211 342 1272 394 τὸ
1327 341 1514 410 μέσον,
1569 340 1661 394 καὶ
1717 341 1831 395 οὔτ’

156 430 489 500 ἀναστρέψαι
526 426 598 498 ἣν
635 437 710 503 τῷ
743 431 890 502 ἵππῳ
930 431 1023 483 διὰ
1060 431 1162 498 τὴν
1199 434 1494 499 στενότητα
1533 431 1659 484 οὔτε
1699 429 1842 494 ἐξελ-

154 526 284 574 θεῖν
330 521 422 572 διὰ
467 520 565 572 τὸν
613 522 810 588 φόβον.
888 520 1084 572 λοιπὸν
1136 515 1240 572 οὖν
1293 520 1428 571 κατὰ
1482 528 1593 572 τῶν
1647 520 1839 572 νώτων

154 607 552 678 κατενεχθέντα
590 609 687 661 τὸν
726 609 895 661 ἵππον
935 610 1079 677 ἔχειν
1117 607 1316 661 ὕπτιον
1346 607 1456 660 ὑπὸ
1488 616 1604 670 τοῖς
1641 609 1838 671 νώτοις
1884 627 1904 660 5

155 696 249 766 ἐμὲ
300 695 391 750 καὶ
445 697 506 749 τὸ
562 697 663 765 μὲν
718 698 850 750 ἄλλο
907 692 1012 750 ὧδε
1058 702 1294 764 κεῖσθαι,
1341 697 1442 765 τὴν
1485 697 1734 765 κεφαλὴν
1780 696 1841 749 δὲ

153 784 253 849 ἔξω
294 793 393 839 τοῦ
434 787 606 839 ἵππου
639 793 918 839 πεσοῦσαν
948 784 1040 838 καὶ
1078 794 1195 848 τοῖς
1227 785 1287 838 ἐν
1317 785 1462 857 μέσῳ
1494 794 1606 838 τῶν
1635 787 1840 838 κιόνων

157 877 341 937 λίθοις
379 873 705 943 ε’νραγεῖσαν
745 875 1030 927 δεικνύναι
1069 875 1168 927 τὸν
1208 873 1529 942 ἐγκέφαλον.
1608 874 1730 926 217.
1770 868 1840 941 ’ἦν

155 959 259 1016 οὖν
290 965 392 1032 βοὴ
423 973 533 1016 τῶν
570 983 628 1016 τε
659 963 987 1033 ὀρεωκόμων
1017 972 1129 1016 τῶν
1159 983 1217 1016 τε
1249 962 1310 1016 ἐν
1340 969 1414 1035 τῷ
1439 964 1836 1034 βουλευτηρίῳ,
1883 983 1903 1015 9

152 1061 263 1105 τῶν
302 1051 418 1119 μέν,
460 1053 533 1114 ὡς
571 1050 653 1105 ἐπ’
699 1051 941 1124 ἀκουσίῳ
980 1058 1055 1124 τῷ
1087 1057 1253 1123 κακῷ,
1299 1060 1412 1104 τῶν
1446 1050 1452 1122 Ι
1489 1048 1548 1104 δὲ
1589 1051 1750 1120 ἀλλή-
1780 1063 1822 1106 R
1844 1066 1926 1106 136

154 1144 285 1202 λους
338 1139 568 1207 ἀμύνειν
628 1142 1117 1211 παρακαλούντων·
1170 1139 1261 1193 καὶ
1324 1141 1376 1193 οἱ
1438 1140 1539 1207 μὲν
1600 1142 1839 1192 ὄπισθεν

153 1228 374 1298 ἀνεῖχον
410 1231 540 1291 τοὺς
579 1231 751 1291 πόδας
788 1228 942 1299 χερσὶ
981 1233 1227 1297 πολλαῖς,
1269 1229 1298 1282 ὁ
1339 1229 1400 1282 δὲ
1448 1229 1515 1282 οὐ
1562 1230 1699 1282 κατὰ
1735 1229 1837 1297 τὴν

152 1316 351 1370 ἑαυτοῦ
398 1319 572 1386 φύσιν
618 1318 712 1380 wig
756 1337 814 1370 τε
865 1327 1048 1387 χεῖρας
1088 1317 1281 1387 ἀνέσχε
1319 1316 1410 1370 καὶ
1450 1317 1682 1386 ἡσύχαζε
1719 1316 1838 1386 τρέ-

151 1426 283 1474 μων.
360 1407 520 1475 ἄμφω
569 1407 636 1474 δὴ
682 1407 861 1460 τούτω
908 1407 1074 1475 (τῆς)
1121 1412 1262 1459 θεοῦ
1309 1404 1620 1474 νομιστέον,
1673 1407 1733 1458 τό
1779 1424 1836 1458 τε

151 1503 263 1548 τῶν
302 1494 618 1564 ἀνθρώπων
655 1497 716 1547 τό
755 1514 812 1547 τε
850 1503 949 1548 τοῦ
990 1496 1176 1548 ἵππου.
1862 1514 1903 1547 15

264 1584 386 1636 218.
427 1587 708 1653 Χειμῶνος
742 1584 802 1636 δὲ
828 1583 1136 1653 ἀρχομένου
1169 1586 1374 1637 πολλαί
1401 1603 1458 1636 τε
1489 1585 1838 1652 πολλαχόθεν

152 1671 398 1740 ἀγγελίαι
444 1673 697 1734 τελευτὰς
744 1671 977 1742 ἑταίρων
1022 1673 1333 1741 μηνύουσαι
1379 1673 1470 1725 καὶ
1523 1670 1649 1741 παρ’
1702 1672 1835 1740 ἡμῖν

151 1759 359 1829 ἐκφορὰ
405 1762 700 1813 νεανίσκου
746 1762 952 1829 λύπην,
1002 1761 1211 1828 ὁπόσην
1256 1767 1332 1832 τῷ
1379 1763 1569 1829 πατρί,
1613 1765 1837 1823 πολλοῖς

151 1847 450 1916 ἐνεγκοῦσα
486 1849 575 1901 καὶ
616 1849 860 1902 πολιτῶν
901 1850 991 1902 καὶ
1033 1847 1206 1912 ξένων
1251 1849 1388 1901 κατά
1425 1868 1483 1901 τε
1522 1850 1624 1917 τὴν
1662 1849 1834 1902 αὐτοῦ

151 1944 251 1989 τοῦ
288 1942 590 1999 τεθνεῶτος
621 1937 1037 2005 καλοκάγαθίαν
1067 1937 1158 1990 καὶ
1189 1938 1291 2006 τὴν
1322 1939 1400 2000 εἰς
1431 1938 1675 2000 ἅπαντας
1704 1940 1834 2000 τοὺς
1857 1958 1900 1990 20

153 2024 213 2078 ἐν
251 2033 369 2088 ταῖς
399 2027 605 2096 χρείαις
634 2033 734 2079 τοῦ
768 2030 926 2078 οἴκου
961 2027 1309 2095 χρηστότητα.
1372 2025 1494 2080 219.
1534 2034 1836 2089 νοσοῦντος
1915 2058 1926 2074 .

271 2262 324 2301 19
356 2258 408 2302 τὸ
439 2258 580 2302 κατὰ
612 2260 717 2303 ἀντὶ
747 2265 829 2315 τῆς
860 2258 975 2314 aad,
1010 2259 1070 2310 ὡς
1100 2259 1180 2303 καὶ
1206 2256 1322 2315 παρ’
1345 2257 1667 2316 Ἀριστοφάνει
1689 2261 1835 2304 πολλὰ

148 2324 340 2362 τοιαῦτα
368 2319 412 2362 V
436 2316 492 2360 cf.
518 2333 562 2374 p.
592 2322 690 2373 183,
718 2323 771 2362 14

269 2529 291 2568 1
326 2540 346 2568 ε
378 2538 519 2581 supra
550 2538 575 2568 σ
603 2525 654 2568 in
686 2510 807 2570 ἔδειῗι·
836 2540 895 2567 m.
927 2538 1016 2568 rec.
1051 2526 1110 2582 (v)
1143 2539 1248 2568 cum
1278 2538 1440 2568 rasum
1470 2524 1607 2568 unius
1646 2525 1831 2569 litterae

148 2585 255 2639 post
285 2597 311 2627 σ
344 2583 382 2627 G
405 2586 410 2640 Ι
438 2583 604 2640 μικρὸν
636 2582 722 2640 γὰρ
755 2585 812 2640 δὴ
844 2583 916 2627 vel
949 2583 1041 2628 ἔδει
1069 2585 1260 2640 σμικρὸν
1284 2583 1342 2640 δὴ
1368 2584 1472 2628 coni
1496 2584 1564 2628 Re
1656 2589 1681 2627 3
1707 2599 1832 2638 „ma-

152 2643 230 2685 lim
261 2643 544 2695 διεξελθεῖν“
576 2643 645 2686 Re
758 2647 784 2685 4
817 2642 945 2686 ὤτων
973 2644 1016 2686 V
1128 2647 1151 2686 7
1183 2644 1262 2686 καὶ
1294 2657 1369 2687 om
1396 2644 1477 2687 VL
1587 2647 1612 2685 9
1646 2642 1831 2699 ὀρεοκό-

149 2716 247 2756 μων
277 2702 321 2745 L
396 2699 670 2758 ὠρεοκόμων
701 2702 747 2745 Β
880 2706 934 2745 14
965 2701 1110 2745 τούτω
1143 2702 1306 2759 scripsi
1337 2716 1363 2746 e
1388 2703 1470 2746 VL
1543 2709 1626 2746 τοῦ
1657 2702 1831 2747 AOPB

150 2759 242 2802 edd
300 2777 355 2817 γρ
386 2760 554 2805 τούτου
584 2761 686 2804 Mor
715 2761 765 2804 in
795 2774 930 2819 marg
957 2763 962 2817 Ι
996 2766 1077 2817 τῆς
1105 2761 1280 2806 inserui
1312 2761 1414 2804 0011.
1449 2765 1518 2814 90,
1547 2765 1623 2814 163
1657 2765 1726 2814 91,
1753 2765 1829 2816 2ος

150 2866 221 2916 95,
242 2867 317 2916 14;
346 2866 442 2916 119,
464 2867 539 2918 14;
568 2868 664 2917 155,
685 2869 732 2919 6;
760 2867 931 2918 184,16
958 2866 1042 2908 etc.
1154 2869 1206 2907 17
1241 2863 1406 2920 ἑτέρων
1419 2865 1500 2908 VL
1561 2836 1727 2919 ἑτέρων
1766 2866 1832 2920 (αι

150 2934 375 2977 suprascr.
407 2923 451 2972 v)
485 2923 523 2967 C
594 2940 671 2978 αιρ
703 2923 753 2966 in
785 2921 977 2978 ἑταίρων
1009 2923 1059 2966 in
1088 2935 1163 2966 ras
1195 2923 1260 2967 Ρ2

1478 2995 1564 3039 12*
