2026 3168
673 150 902 195 ΗΒΑ-ΝΠ
932 149 1273 194 ORATIONES
1746 151 1814 203 97

132 287 259 357 περὶ
298 289 503 356 σοφίαν
540 287 890 356 διατρίβουσι
927 285 1142 355 μέλλων
1180 284 1380 349 δείξειν
1408 286 1476 338 τά
1501 284 1818 355 Ἀθήνηθεν

135 375 484 444 ἀγωνίσματα
508 378 811 438 ’νεανίσκος
851 375 1085 444 εὐλαβής
1115 393 1173 426 τε
1202 375 1293 427 καὶ
1323 375 1593 427 τοιούτων
1624 376 1817 428 ἄθλων

133 465 397 533 ἄγευστος
429 465 649 526 εἰκότως
679 462 966 530 ἐδείμαινε.
1027 463 1113 515 28.
1146 465 1404 530 δεόμενος
1435 464 1503 532 δὴ
1529 464 1814 533 συμμάχου

134 571 195 605 τε
246 552 336 605 καὶ
391 554 560 620 φίλου
614 550 1101 622 παραστησομένου
1151 570 1208 603 τε
1257 550 1347 603 καὶ
1396 557 1817 622 θαρρυνοῦντος

132 639 377 710 ἐγγύθεν
416 641 518 693 οὐκ
554 643 741 708 ἔμελλε
774 640 1021 710 [τοῦτον]
1054 641 1121 709 δὴ
1152 641 1251 693 τὸν
1279 648 1538 694 τοιοῦτον
1568 643 1817 710 ζητήσειν
1863 663 1883 695 5

131 731 292 792 ὄντος
331 728 484 798 ἐμοῦ,
523 728 613 783 καὶ
654 731 906 792 εἰπόντος
945 730 1012 798 δὴ
1052 731 1113 782 τό
1151 749 1209 782 τε
1244 729 1415 782 αὑτοῦ
1458 730 1639 792 πάθος
1685 730 1815 784 ὅτου

132 837 191 871 τε
230 816 440 889 χρῄζοι,
490 819 626 889 πρὸς
665 817 766 888 μὲν
803 826 898 886 τῆς
938 818 1074 872 ὁδοῦ
1113 819 1175 871 τὸ
1213 825 1399 887 μῆκος,
1441 815 1607 887 οἶμαι,
1646 820 1815 872 κατώ-

129 927 322 975 κνουν,
369 906 522 960 ἐνίκα
561 908 623 960 δὲ
658 908 802 974 ὅμως
833 908 866 976 ἡ
898 909 1058 976 φιλία
1087 908 1185 960 τὸν
1215 909 1400 976 ὄκνον,
1440 908 1529 960 καὶ
1562 909 1671 974 ἄμα
1702 906 1816 961 ἐνε*

130 998 322 1063 νόουν,
378 997 449 1058 ὡς
504 1001 559 1049 εἴ
598 1016 696 1049 του
744 998 1047 1065 φαινοίμην
1101 994 1164 1049 ἐν
1216 999 1540 1059 συνουσίαις
1581 995 1813 1066 ἐπιδεής,

129 1083 191 1138 ἐκ
244 1093 339 1153 τῆς
395 1081 562 1148 αὖθις
615 1084 701 1137 ἐπὶ
755 1093 926 1138 ταῦτα
979 1086 1202 1155 πορείας
1246 1083 1253 1156 Ι
1307 1084 1731 1154 ἀπολογήσομαι.
1784 1098 1826 1140 R
1847 1102 1902 1141 23

128 1173 215 1226 29.
256 1174 410 1227 τουτὶ
448 1173 550 1242 μέν
586 1194 652 1240 με
692 1173 780 1226 ἐπὶ
818 1175 879 1226 τὸ
921 1176 1110 1242 ζεῦγος
1149 1173 1483 1242 ἀνεβίβαζεν,
1518 1172 1718 1244 Ἑρμοῦ
1752 1173 1814 1226 δὲ
1839 1197 1880 1227 11

129 1262 320 1333 εὐνοίᾳ
374 1261 464 1315 καὶ
518 1265 771 1315 Μουσῶν
829 1262 934 1315 ἀπὸ
985 1266 1279 1315 Πλαταιῶν
1335 1261 1629 1332 ἀρξάμενοι
1685 1270 1813 1333 χρῆ-

131 1357 267 1404 σθαι
313 1345 397 1414 οἷς
442 1356 660 1419 εἴχομεν
710 1350 1103 1419 ἐπαινούμενοί
1149 1370 1205 1403 τε
1255 1349 1346 1403 καὶ
1396 1353 1812 1419 μακαριζόμενοι

128 1449 242 1492 τῶν
278 1459 336 1492 τε
363 1437 615 1509 Ἀθηνῶν
653 1439 933 1509 εὐεργέται
971 1442 1512 1508 προσαγορευόμενοι
1550 1440 1643 1493 διὰ
1679 1458 1812 1500 παν-

128 1529 220 1590 τὸς
259 1527 570 1598 ἐχωροῦμεν
609 1529 816 1597 ἄστεος,
854 1529 944 1581 καὶ
983 1528 1116 1581 οὐδὲ
1155 1528 1305 1591 ὅστις
1344 1529 1531 1581 εἰώθει
1568 1536 1683 1591 τοῖς
1722 1530 1813 1582 διά
1838 1550 1878 1582 15

127 1619 483 1680 Μακεδονίας
515 1619 700 1670 ἰοῦσιν
731 1616 1110 1686 ἐπιτιθέμενος
1140 1616 1485 1687 ἐκταράττειν
1517 1616 1654 1687 ἀνὴρ
1690 1620 1812 1670 Μα-

126 1706 305 1758 κεδὼν
344 1705 621 1774 ἐτάραξεν·
662 1705 888 1760 ἐπέθετο
920 1702 1022 1775 μὲν
1057 1706 1178 1774 γάρ,
1217 1705 1432 1774 ἀπῆλθε
1472 1703 1533 1758 δὲ
1571 1705 1600 1758 ὃ
1633 1715 1813 1759 ποιεῖν

127 1795 333 1862 εἰώθει,
372 1796 683 1857 πεπονθώς.
759 1794 844 1847 30.
892 1796 1106 1848 τούτων
1146 1794 1313 1848 οὐδὲν
1350 1796 1666 1864 φαυλότερα
1710 1795 1813 1847 τάν

128 1890 194 1953 τῇ
234 1883 834 1953 ΚωνσταντινουΙπόλει
884 1887 1106 1936 πολλῶν
1156 1883 1541 1952 ἁπανταχόθεν
1589 1885 1812 1954 παιδείᾳ

129 1972 511 2041 διαφερόντων
550 1970 723 2024 ἐκεῖσε
760 1973 1183 2041 μετοικούντων,
1223 1975 1278 2025 οἳ
1308 1970 1554 2042 ἐπῄνουν
1582 1991 1641 2024 τε
1670 1972 1809 2040 ἡμᾶς
1834 1994 1877 2025 20

126 2057 220 2112 καὶ
258 2058 578 2129 ἐπῃνοῦντο.
649 2061 938 2128 διαβάντες
975 2058 1035 2113 δὲ
1073 2068 1171 2114 τοῦ
1206 2063 1432 2114 Πόντου
1464 2062 1561 2113 τὸν
1592 2059 1809 2130 αὐχένα,

124 2146 252 2200 καθ’
293 2148 359 2201 ὃν
396 2149 563 2201 πάλαι
602 2150 734 2202 ποτὲ
771 2150 873 2218 τὴν
904 2147 990 2209 Ἰὼ
1032 2151 1194 2218 λόγος
1239 2148 1302 2203 ἐν
1340 2150 1476 2202 εἴδει
1521 2151 1673 2218 βοός,
1725 2149 1809 2202 ἐλ-

245 2401 269 2439 1
302 2395 619 2467 διατρίβουσιν
643 2399 686 2442 L
778 2403 823 2440 2
836 2397 1086 2455 εὐγενήςγ
1162 2402 1188 2441 3
1220 2412 1374 2455 συμμα
1311 2398 1469 2458 μάχων
1502 2398 1545 2442 L
1629 2402 1657 2441 4
1687 2401 1807 2454 θαρ-

125 2462 378 2510 ρυνοῦντος
407 2457 573 2514 scripsi
605 2471 630 2501 c
661 2457 704 2500 L
737 2459 926 2501 auctore
949 2457 1019 2501 Re
1076 2457 1401 2513 θαρρύνοντος
1423 2457 1595 2514 reliqui
1618 2457 1730 2501 libri
1760 2459 1808 2500 et
1856 2463 1862 2467 “

125 2514 217 2557 edd
334 2521 360 2559 5
390 2522 554 2561 τοῦτον
586 2516 840 2560 cancellavi
872 2518 1059 2560 auctore
1090 2516 1159 2560 Re
1272 2521 1297 2559 6
1330 2517 1411 2561 καὶ
1441 2530 1517 2560 om
1535 2517 1604 2575 Vl
1640 2516 1805 2561 ἑαυτοῦ

125 2603 216 2646 ΡΒ
228 2604 309 2647 VL
370 2605 514 2649 αὐτοῦ
545 2605 657 2648 Ferr
686 2605 788 2648 Mor
886 2609 908 2647 7
943 2603 1099 2662 χρήζοι
1129 2606 1304 2650 AOPB
1349 2592 1594 2663 ’χρήζέιῩ
1684 2604 1805 2660 ρήζει

126 2660 170 2703 L
196 2661 203 2718 Ι
229 2668 310 2721 τῆς
340 2662 454 2707 ὁδοῦ
483 2664 556 2722 τὸ]
588 2665 639 2708 τὸ
653 2671 745 2732 τῆς
768 2663 880 2709 ὁδοῦ
906 2666 951 2708 Β
979 2665 985 2722 Ι
1012 2665 1254 2709 κατώκνου
1284 2665 1431 2708 Ferr
1418 2680 1468 2707 111
1490 2678 1625 2724 marg
1646 2623 1748 2707 {101

130 2723 184 2762 10
208 2679 555 2780 ἀπολογήσομαι
577 2723 742 2779 scripsi
802 2721 1202 2780 ἀπολογησόμενος
1223 2724 1455 2768 ACPBV
1515 2679 1691 2780 ἀπολογ
1692 2721 1805 2780 ησά-

125 2793 263 2834 μενος
292 2779 337 2823 L
394 2780 818 2839 ἀποληψόμενος11Ἰ
820 2796 894 2826 err
922 2782 972 2825 in
1002 2796 1136 2838 marg
1158 2781 1261 2826 Mor
1375 2787 1428 2825 11
1461 2740 1738 2841 ἀνεβίβασεν
1762 2782 1805 2825 L

187 2841 256 2880 15
273 2837 444 2892 ἄστεως
480 2841 582 2884 Mor
610 2841 679 2884 Re
706 2842 712 2899 Ι
740 2842 895 2891 οὐδεὶς
924 2842 970 2885 Β
1092 2845 1147 2884 16
1179 2841 1260 2885 ἀν
1243 2858 1297 2898 ηρ
1330 2854 1406 2884 orn
1436 2843 1479 2885 L
1602 2845 1655 2884 19
1687 2857 1805 2885 κων-

127 2893 371 2940 σταντίνου
406 2897 537 2944 πόλει
567 2899 612 2943 L
762 2905 817 2944 22
855 2902 964 2956 post
1003 2900 1111 2992 βοὸς
1146 2900 1339 2944 verbum
1376 2899 1694 2955 διανήξασθαι
1730 2899 1805 2943 vel

127 2952 279 2998 simile
308 2956 539 3006 excidisse
562 2960 702 3014 putat
731 2959 798 3002 Re

214 3036 342 3069 Imus
321 3046 411 3071 ms
434 3040 493 3073 ed.
514 3039 751 3073 Fosi-ster.
1512 3037 1535 3075 7
