2026 3168
182 651 417 714 ΠΡΟΣ
465 651 692 713 ΤΟΎΣ
747 651 1037 714 ΝΕΟΤΣ
1090 652 1298 713 ΠΕΡΙ
1344 652 1509 714 ΤΟΤ
1551 652 1867 716 ΛΟΓΟΤ.

93 831 136 875 R
159 836 242 875 196
301 820 346 871 1.
389 818 533 872 045&
564 819 707 889 ὑμᾶς
745 821 815 872 ἄν
852 840 936 882 τις
974 821 1278 873 αἰτιάσαιτο
1316 821 1413 873 τὸν
1446 821 1683 874 εἰωθότα
1713 821 1870 874 ἀπαι-

182 916 415 971 τοῦντας
452 911 639 977 λόγον,
691 905 732 961 ὦ
773 908 933 977 δόξης
973 908 1377 977 ἐπιθυμοῦντες
1414 909 1594 978 ὑμεῖς,
1649 909 1772 976 ε’μοί
1812 930 1870 963 τε

183 998 284 1066 τὴν
324 998 536 1067 σιωπὴν
574 995 720 1067 ἔχειν
759 998 998 1066 ἡγοῦμαι
1036 999 1227 1066 λόγον·
1267 998 1334 1051 ὃν
1372 997 1708 1061 ἀκούσαντες
1739 1013 1871 1067 συγ-

141 1106 160 1139 5
183 1087 471 1154 γνώσεσθε
517 1083 620 1155 μὲν
666 1085 811 1155 ἐμοί,
865 1088 1000 1139 κατὰ
1050 1086 1112 1139 δὲ
1156 1095 1268 1139 τῶν
1312 1089 1735 1156 παρεσχηκότων
1772 1088 1873 1156 τὴν

186 1174 431 1243 ἀνάγκην
471 1175 572 1228 οὐκ
612 1175 820 1243 ἄδηλον
860 1175 942 1228 ὅτι
981 1174 1234 1228 καλέσετε
1274 1184 1385 1228 τῶν
1430 1180 1583 1228 θεῶν
1629 1168 1713 1238 οἷς
1758 1174 1871 1229 ἐστὶ

184 1264 418 1332 μάλιστα
455 1262 851 1333 κεχαρισμένον
888 1264 979 1316 καὶ
1017 1268 1302 1316 ποιεῖσθαι
1340 1265 1540 1331 λόγους
1584 1263 1676 1317 καὶ
1722 1263 1871 1332 λέγε-

187 1357 336 1405 σθαι.
411 1353 461 1405 2.
515 1352 777 1420 θαυμάζω
826 1351 912 1420 δέ,
959 1354 1007 1405 εἰ
1051 1353 1125 1420 μὴ
1162 1352 1299 1422 πρὸς
1335 1352 1478 1419 ὑμᾶς
1515 1353 1718 1416 αὐτοὺς
1755 1351 1872 1406 ἐλο-

185 1442 445 1510 γίσασθε,
491 1442 549 1493 τί
582 1441 644 1493 τὸ
683 1441 969 1509 κεκινηκὸς
1006 1439 1230 1493 τουτονὶ
1269 1441 1368 1493 τὸν
1406 1442 1597 1510 νόμον,
1644 1439 1735 1494 καὶ
1773 1442 1874 1494 πά-

121 1550 163 1581 10
187 1533 294 1598 λιν,
326 1530 374 1582 εἰ
405 1530 477 1598 μὴ
509 1530 860 1597 λογισάμενοι
890 1528 1038 1582 τοῦτ’
1078 1529 1211 1582 αὐτὸ
1242 1530 1534 1597 κατείδετε,
1568 1528 1658 1582 καὶ
1689 1530 1874 1598 πάλιν,

187 1619 236 1670 εἰ
280 1619 353 1686 μὴ
398 1618 714 1680 κατιδόντες
760 1616 884 1670 ἀντὶ
929 1625 1029 1670 τοῦ
1076 1618 1176 1686 τὴν
1221 1617 1457 1687 ἡσυχίαν
1503 1618 1658 1686 ἄγειν
1704 1618 1738 1687 ἢ
1775 1618 1874 1686 μά-

186 1707 388 1775 χεσθαί
423 1725 485 1774 γε
523 1714 640 1769 τοῖς
676 1707 891 1759 τούτων
931 1707 1125 1769 αἰτίοις
1165 1704 1495 1775 ἐτολμήσατε
1533 1708 1702 1774 λόγου
1740 1727 1874 1776 μνη-

187 1802 452 1864 μονεῦσαι
490 1795 627 1865 πρὸς
666 1793 772 1862 ἐμέ.
849 1794 898 1847 3.
938 1796 986 1847 εἰ
1026 1793 1075 1847 δ’
1114 1790 1219 1847 οὗν
1257 1795 1384 1847 οὔτε
1426 1793 1710 1863 ἐζητήσατε
1748 1795 1875 1848 οὔτε

188 1883 476 1952 εὑρήκατε,
530 1883 801 1936 λανθάνει
851 1880 913 1936 δὲ
962 1883 1104 1950 ὑμᾶς
1152 1884 1219 1935 τὰ
1263 1884 1410 1953 παρὰ
1455 1893 1568 1936 τῶν
1614 1885 1692 1946 εἰς
1737 1883 1877 1952 ἡμᾶς

123 1991 164 2024 15
190 1971 412 2040 ἀδίκων,
453 1970 570 2025 οὐδ’
609 1971 744 2040 ὑμῖν
783 1973 866 2024 ἔνι
906 1972 1205 2040 διαφυγεῖν
1243 1972 1304 2024 τὸ
1341 1973 1414 2040 μὴ
1444 1979 1615 2024 ταῦτα
1646 1971 1875 2040 ἀδικεῖν,

368 2132 407 2176 C'
496 2154 551 2168 =
587 2130 741 2175 Codex
773 2130 1018 2175 Chisianus

364 2194 410 2235 A
490 2213 545 2227 =
579 2189 734 2234 Codex
764 2190 1066 2248 Augustanus
1098 2190 1390 2234 Monacensis
1422 2204 1488 2247 gr.
1521 2194 1610 2233 483

367 2250 413 2293 P
495 2272 550 2286 =
585 2248 740 2293 Codex
769 2249 1013 2293 Palatinus
1047 2253 1131 2292 282

376 2309 420 2352 V
496 2331 552 2345 =
586 2307 740 2352 Codex
769 2307 1144 2352 Vindobonensis

374 2367 419 2411 U
497 2390 552 2404 =
586 2366 740 2411 Codex
769 2366 970 2411 Urbinas
1001 2382 1069 2424 gr.
1097 2371 1181 2410 126

366 2427 402 2469 I
498 2449 554 2463 =
589 2426 743 2471 Codex
772 2426 1037 2470 Marcianus
1068 2420 1168 2469 XCI
1200 2431 1225 2469 2

369 2485 415 2528 B
498 2507 553 2522 =
587 2485 741 2529 Codex
770 2485 1051 2529 Barberinus

366 2543 477 2586 Fen·
501 2566 556 2580 =
582 2544 726 2588 editio
758 2544 1066 2588 Fen-ariensis

367 2601 470 2645 Mor
501 2625 555 2639 =
582 2603 727 2647 editio
758 2603 1035 2647 Morelliana

1514 2638 1572 2656 &v

368 2660 436 2703 Re
498 2683 552 2698 =
577 2661 795 2705 Reiskius

311 2812 366 2852 10
398 2809 531 2853 αὐτοὶ
556 2808 758 2852 Sintenis
868 2814 919 2853 11
945 2808 1005 2865 μὴ
1040 2807 1316 2852 cancellavit
1338 2806 1405 2851 Re
1428 2806 1569 2850 Anim
1668 2812 1722 2850 14
1754 2806 1874 2864 ἡμᾶς

194 2867 357 2923 scripsi
400 2880 424 2910 e
466 2868 579 2911 VIB
622 2881 726 2911 cum
758 2866 914 2911 Gasda
957 2869 1004 2911 et
1035 2867 1138 2910 Sint
1227 2867 1344 2923 ὑμᾶς
1377 2865 1513 2910 CAU
1549 2868 1597 2910 et
1629 2867 1676 2910 P
1704 2866 1785 2909 sed
1823 2865 1872 2909 in

192 2925 280 2969 hoc
312 2927 339 2970 ὑ
370 2926 439 2969 111⁴
470 2926 519 2969 in
550 2939 624 2970 ras
658 2928 705 2970 et
736 2926 826 2969 edd
